1807 2962
444 66 722 99 APPENDIX.
745 68 865 98 ANN.
895 67 1230 100 Mcccovan.
1480 60 1597 107 cccli

62 176 192 219 iidem
210 175 334 218 Prior
348 183 390 217 et
407 174 652 229 Capitulum
670 174 913 230 apostolicae
927 174 1037 215 sedis
1054 175 1285 216 remedium
1306 175 1596 232 implorarunt.

65 234 278 284 Quocirca
312 233 567 274 fraternitati
601 242 752 273 vestrae
773 247 850 287 per
880 232 1116 288 apostolica
1148 236 1304 288 scripta
1336 237 1595 289 mandamus,

59 293 262 349 quatinus
286 305 435 332 omnes
467 290 712 345 hujusmodi
745 290 934 331 occultos
970 291 1212 333 detentores
1245 292 1459 344 arborum,
1483 295 1598 337 deci-

63 364 241 399 marum,
265 363 485 398 censuum,
518 349 731 389 fructuum
764 357 806 389 et
842 348 1018 389 aliorum
1051 349 1259 390 bonorum
1282 351 1595 404 praedictorum,

64 423 120 449 ex
153 416 272 462 parte
309 415 453 447 nostra
488 405 656 460 publice
690 406 730 446 in
765 406 950 447 ecclesiis
973 421 1118 447 coram.
1136 408 1309 463 populo,
1328 423 1405 463 per
1435 425 1507 451 vos
1530 412 1597 453 vel

64 466 189 508 alium
213 481 286 506 seu
323 463 440 514 alios,
476 463 707 512 moneatis;
759 473 806 504 ut
847 463 957 505 infra
996 474 1310 519 competentem
1351 468 1594 519 terminum,

65 538 189 580 quem
212 523 271 564 eis
293 521 562 577 prefixeritis,
603 536 652 562 ea
673 520 859 575 praefatis
887 521 1022 562 Priori
1045 531 1088 563 et
1122 523 1322 577 Capitnlo
1344 539 1369 565 a
1389 539 1433 566 se
1455 526 1600 568 debita

64 581 290 623 restituant
311 589 353 621 et
375 580 566 620 revelent
584 594 595 627 ;
628 593 677 620 ac
699 579 752 619 de
770 578 868 633 ipsis
890 587 933 619 et
955 579 1147 634 dampnis
1170 581 1409 635 hujusmodi
1431 583 1599 638 plenam

64 648 107 681 et
123 638 311 680 debitam
335 636 668 679 satisfaccionem
698 636 957 690 impendant,
982 646 1024 678 et
1046 637 1081 678 si
1103 637 1146 679 id
1168 654 1253 680 non
1276 639 1599 696 adimpleverint

63 697 173 738 infra
194 697 320 737 alium
344 703 658 749 competentem
680 693 920 744 terminum,
939 709 1064 751 quem
1083 695 1142 737 eis
1164 697 1215 738 ad
1240 698 1321 738 hoc
1344 700 1599 754 peremtorie

64 754 269 796 duxeritis
291 752 602 809 prefigendum,
627 761 784 793 extunc
806 753 848 792 in
883 752 944 794 eis
980 754 1221 807 generalem
1259 759 1601 800 excommunica-

64 812 195 854 cionis
217 811 469 853 sententiam
488 809 725 865 proferatiS‚
756 818 798 851 et
831 825 926 851 eam
957 810 1132 862 faciatis,
1167 812 1240 854 ubi
1261 822 1304 855 et
1334 816 1505 871 qnando
1527 832 1601 858 ex-

63 870 213 926 pedire
236 868 434 918 videritis,
469 883 602 924 usque
634 868 686 909 ad
709 867 1045 909 satisfaccionem
1080 870 1337 925 condignam
1371 874 1602 916 solenniter

66 927 284 983 publicari.
321 926 449 974 Quod
472 928 505 967 si
527 941 613 967 non
635 925 761 966 ambo
783 925 862 966 hiis
879 926 1114 982 exquendis
1135 929 1358 983 potueritis
1382 931 1599 982 interesse,

66 986 174 1026 alter
207 994 391 1026 vestrum
426 1000 476 1025 ea
509 983 806 1025 nichilominus
847 993 1093 1040 exequatur.
1155 987 1274 1028 Data
1297 988 1464 1040 Romae,
1488 991 1603 1046 apud

71 1045 276 1085 Sanctum
318 1042 527 1091 Marcum,
551 1057 665 1083 anno
700 1042 1005 1082 incarnacionis
1022 1043 1263 1085 Dominicae
1291 1048 1414 1099 1466,
1439 1048 1600 1090 duode-

66 1101 176 1142 cimo
197 1100 398 1143 kalendas
428 1099 547 1151 Julii,
580 1099 853 1154 pontificatus
875 1099 1007 1141 nostri
1029 1104 1364 1148 annorsecundo.

314 1375 469 1405 CCLXV.
506 1375 704 1403 LITTERA
724 1377 856 1406 MlSSA
879 1377 1058 1405 CUIDAM
1084 1379 1364 1408 CONFRATRI.

602 1469 705 1514 [neg.
724 1471 798 1503 111.
816 1470 917 1504 Parv.
934 1470 956 1503 f.
977 1473 1071 1514 l35.]

131 1563 301 1606 Dilecte.
323 1563 546 1612 confrater,
563 1563 706 1604 votiva
726 1564 987 1606 salutacione
1009 1565 1236 1619 praemissa,
1260 1568 1429 1610 auribus
1450 1571 1601 1613 nostris

71 1622 322 1672 andivimus,
346 1630 390 1662 et
413 1630 554 1662 mente
577 1622 807 1672 turbamur,
827 1623 957 1678 quod,
977 1625 1167 1678 quamvis
1186 1625 1396 1679 religionis
1410 1628 1602 1671 habitum

71 1694 249 1735 corpore
278 1678 470 1735 gesseris,
495 1689 539 1719 tu
555 1687 697 1719 tamen
720 1680 956 1733 regularem
982 1680 1110 1721 vitam
1128 1690 1169 1723 et
1185 1698 1349 1725 morum
1365 1687 1603 1729 condecen-

72 1738 178 1779 ciam
216 1737 439 1778 observare
479 1736 699 1778 manifeste
731 1737 1009 1793 contempnis,
1048 1753 1143 1780 cum
1185 1751 1336 1783 contra
1375 1754 1603 1800 assumptae

73 1796 201 1837 dictae
223 1794 436 1849 religionis
460 1808 664 1843 normam,
688 1802 928 1851 statumque
950 1805 992 1837 et
1015 1796 1222 1839 honorem
1246 1798 1306 1839 tui
1328 1800 1470 1854 ipsiuS‚
1498 1815 1604 1844 tem-

73 1853 245 1908 poribus
272 1851 481 1907 congruiS‚
512 1851 663 1907 quibus
686 1853 766 1893 tuis
790 1853 1005 1894 codicibus
1028 1854 1377 1913 celeberimisque
1399 1858 1601 1901 doctrinis

72 1911 264 1952 insistere
287 1910 476 1959 debereS,
501 1910 556 1950 ob
578 1909 692 1965 quod
714 1925 769 1951 ex
791 1911 960 1966 speciali
980 1911 1123 1965 gracia
1144 1922 1188 1954 et
1209 1913 1354 1956 favore
1375 1916 1429 1957 ad
1446 1917 1602 1960 almam

73 1968 386 2010 universitatem
405 1966 590 2008 Oxoniae
605 1969 871 2010 transmissus
885 1968 1011 2019 fuisti,
1028 1970 1140 2010 vicos
1158 1980 1200 2012 et
1218 1973 1399 2014 venellas
1413 1975 1603 2030 ejusdem

76 2026 200 2076 villae,
224 2027 356 2066 invito
380 2034 453 2066 tuo
467 2025 657 2075 custode,
676 2026 730 2066 ad
747 2026 910 2067 libitum
927 2029 1110 2082 propriae
1129 2029 1356 2071 voluntatis
1373 2032 1604 2076 insolenter

74 2084 297 2132 discum-153
330 2091 373 2124 et
404 2083 559 2123 nedum
582 2083 840 2125 mansionem
860 2085 1077 2139 cujusdam
1099 2087 1334 2128 communis
1355 2092 1602 2143 meretricis,

75 2157 171 2182 cum
193 2156 277 2198 qua
297 2141 484 2181 redderis
507 2141 797 2195 multipliciter
817 2152 1049 2197 suspectus,
1075 2159 1220 2185 verum
1243 2147 1377 2187 eciam
1396 2147 1603 2201 laicorum

74 2200 225 2240 domos
259 2208 302 2239 et
337 2198 432 2239 loca
466 2208 662 2252 suspecta
698 2199 969 2255 frequentare
1003 2216 1089 2241 non
1126 2202 1292 2253 vereris,
1325 2204 1438 2246 bona
1467 2207 1602 2248 nostri

79 2256 258 2313 collegii
272 2265 313 2297 et
330 2255 461 2296 eciam
476 2255 626 2306 aliena,
643 2264 859 2311 tamquam
874 2258 1073 2312 prodigus
1088 2261 1281 2314 nequiter
1294 2264 1604 2312 consumendo,

75 2314 135 2356 ita
167 2314 295 2371 quod,
334 2323 380 2354 ut
412 2312 624 2362 asseritur,
666 2314 738 2353 vix
776 2314 850 2354 tibi
872 2324 1060 2369 superest
1081 2316 1390 2370 operimentum
1414 2322 1603 2376 corporis

77 2381 150 2413 aut
183 2372 377 2427 grabati3
411 2379 554 2426 tuque,
593 2371 860 2412 causantibus
897 2374 979 2413 tuis
1015 2373 1244 2424 demeritis,
1269 2383 1401 2417 tantae
1422 2381 1603 2432 egestati

75 2431 265 2485 subjaces
284 2430 326 2469 in
344 2428 555 2483 praesenti,
565 2429 679 2484 quod
697 2443 750 2469 ex
769 2429 995 2480 verisimili,
1005 2431 1163 2487 absque
1181 2432 1414 2476 amicorum
1432 2444 1602 2479 tuorum

76 2487 279 2537 subsidio,
313 2501 527 2542 nunquam
561 2486 715 2527 adicies
752 2495 799 2528 ut
831 2502 1037 2543 resurgas,
1070 2489 1124 2530 ad
1146 2504 1338 2543 personae
1361 2501 1446 2534 tuae
1470 2496 1603 2536 mani·-

75 2545 228 2587 festam
261 2544 489 2593 infamiam,
524 2545 794 2600 susceptique
826 2545 982 2586 ordinis
1014 2554 1057 2587 et
1079 2547 1283 2601 regularis
1306 2549 1404 2592 vitae
1425 2551 1604 2606 vilipen-

77 2603 208 2653 dium,
244 2611 286 2644 et
323 2601 581 2643 confratrum
615 2611 781 2643 tuorum
813 2603 1095 2656 perniciosum
1128 2605 1169 2644 in
1191 2608 1447 2662 exemplum.
1513 2610 1604 2651 Nos

79 2676 194 2711 vero,
234 2662 359 2701 tantis
392 2659 473 2700 tuis
507 2660 746 2700 insolenciis
774 2669 815 2701 et
853 2661 1252 2713 exorbitaeionibus,
1277 2673 1425 2707 contra
1447 2674 1604 2709 statum

79 2718 208 2759 nostri
242 2717 415 2759 Ordinis
448 2727 490 2759 et
522 2717 757 2773 regularem
779 2718 1095 2761 observanciani
1119 2720 1409 2775 militantibus,
1434 2726 1605 2766 obviare
