1807 2962
194 103 337 152 cxviiii
513 119 649 153 n1sr.
677 118 914 152 DUNELM.
942 116 1252 150 SCRIPTORES
1277 117 1420 151 TREs..

193 234 312 280 tegre
345 235 388 269 et
423 226 464 268 in
498 227 679 268 solidum
703 226 801 281 ipsis
831 224 1150 274 mercatoribus,
1174 238 1271 265 cum
1292 223 1444 280 quibus
1465 223 1602 266 dictos
1623 239 1728 280 pro-v

192 293 410 326 curatores
447 284 698 326 contrahere
735 282 979 337 contigerit,
1007 282 1075 322 vel·
1112 282 1456 336 procuratoribus
1487 282 1722 325 eorundem

193 342 461 393 satisfacturi,
502 357 660 399 vosque
691 342 942 395 indempnes
964 353 1229 390 conservare,
1253 349 1300 381 ut
1321 339 1606 394 praemittitur,
1624 355 1724 395 pro-

194 401 401 441 mittimus
419 415 493 455 per
514 409 744 455 praesentes
763 414 774 447 3
797 398 1032 439 adimentes
1054 397 1228 452 insuper
1248 397 1552 440 executoribus
1569 399 1727 440 nostris

197 458 544 513 quibuscumque,
568 458 601 498 si
632 458 686 498 de
707 456 827 498 nobis
845 455 1087 498 humanitus
1108 456 1348 510 contigerit,
1372 455 1658 497 omnimodam
1680 455 1724 496 in

195 514 317 556 bonis
359 516 514 557 nostris
550 523 646 570 post
676 522 859 555 mortem
879 521 1067 555 nostram
1091 512 1429 555 administrandis
1451 512 1696 555 facultatem
1711 528 1723 563 3

196 572 336 614 donec
357 574 411 615 de
433 574 638 628 praedicta
654 572 845 627 pecuniae
875 585 1038 612 summa
1057 571 1376 622 mercatoribus,
1399 579 1447 612 ut
1463 570 1723 626 praedicitur,

198 645 248 671 ac
270 632 397 673 etiam
422 631 538 672 vobis
553 631 607 672 de
624 629 818 684 dampnis
841 637 885 670 et
905 629 1120 679 interesse,
1140 628 1170 669 si
1194 644 1290 685 quae
1304 629 1431 670 dictae
1449 628 1726 685 obligacionis

197 696 415 743 pretextu,
439 688 555 745 quod
591 688 715 738 absit,
758 687 875 728 vobis
912 686 1144 737 evenerint,
1169 686 1355 741 plenarie
1391 685 1518 727 fuerit
1540 685 1728 727 satisfac-

199 745 304 787 tium
323 762 340 795 ;
368 762 456 787 non
477 746 674 787 obstante
705 745 737 786 si
759 744 801 785 in
824 752 1082 786 testamento
1103 753 1250 785 nostro
1271 744 1474 801 quiequid·
1494 743 1537 785 in
1559 752 1729 785 contra-

198 805 307 845 rium
330 803 458 845 fuerit
478 803 720 845 ordinatum
739 818 751 851 ;
787 801 1071 857 promittimus
1103 802 1229 843 etiam
1249 802 1364 843 bona
1386 802 1471 842 fide
1493 802 1609 857 quod
1630 817 1728 843 cum

200 875 353 903 munus
375 860 709 903 consecracionis
739 859 910 915 inpendi
933 859 1161 914 contigerit
1181 859 1400 914 praemissa
1420 859 1561 900 omnia
1581 867 1625 900 et
1646 859 1730 900 sin-

198 919 303 973 gula
321 918 624 961 ratificabimus
646 927 687 960 et
713 916 1073 967 confirmabimus,
1104 916 1326 973 sigilloque
1346 925 1491 957 nostro
1512 917 1729 958 autentico

204 992 291 1032 quo
319 985 419 1018 tune
452 987 621 1017 utemur
652 974 996 1031 consignabimus
1017 975 1060 1014 in
1084 984 1254 1016 eventu.
1316 975 1366 1015 In
1390 974 1506 1029 cujus
1528 974 1588 1015 rei
1612 974 1730 1015 testi-

200 1035 393 1074 monium
435 1034 618 1088 sigillum
661 1042 853 1074 nostrum
893 1032 1175 1087 praesentibus
1208 1039 1272 1073 est
1304 1047 1552 1087 appensum.
1615 1031 1733 1074 Data

203 1092 318 1146 apud
340 1092 536 1148 Rychall,
559 1106 622 1133 v11
645 1090 848 1132 kalendas
872 1120 883 1131 .
917 1119 927 1130 .
960 1103 1085 1139 anno,
1108 1099 1205 1141 etc„
1228 1089 1598 1145 septimodecimo,-

329 1361 368 1390 C.
424 1360 746 1390 INDULGENCIA
777 1363 837 1390 XL
868 1364 1053 1392 DIERUM
1087 1363 1313 1392 CONCESSA
1346 1366 1435 1393 PRO
1469 1366 1617 1393 ANIMA

324 1419 515 1446 RICARDI
548 1420 606 1447 DE
642 1420 864 1449 KELLOWE
899 1423 1128 1454 QUONDAM
1151 1423 1476 1450 DUNELMENSIS
1500 1424 1619 1451 EPIS—

324 1477 429 1504 COPI
453 1477 542 1504 PER
566 1477 840 1506 LUDOVICUM
860 1480 1214 1508 DUNELMENSEM
1233 1481 1493 1508 EPISCOPUM
1517 1481 1619 1509 SUC-

326 1534 562 1562 CESSOREM
613 1535 739 1564 DICTI
793 1537 983 1566 RICARDI
1037 1538 1244 1567 EPISCOPI
1291 1538 1619 1566 DUNELMENSIS

327 1591 648 1621 IMMEDIATUM.

776 1672 881 1716 [tReg.
901 1672 978 1704 111.
995 1671 1019 1704 f.
1037 1674 1114 1705 215.
1129 1674 1178 1717 b.]

272 1763 498 1806 Universis
539 1771 699 1805 sanctae
721 1765 868 1806 matris
911 1765 1103 1807 ecclesiae
1144 1766 1254 1816 filiis,
1297 1766 1354 1808 ad
1383 1781 1488 1823 quos
1510 1775 1738 1822 praesentes

209 1821 346 1863 literae
368 1822 651 1876 pervenerint,
676 1822 937 1873 Ludovicus,
960 1823 1237 1878 permissione
1254 1824 1414 1865 Divina
1436 1824 1739 1867 Dunelmensis

217 1879 468 1933 Episcopim,
492 1878 672 1919 salutem
694 1878 736 1919 in
757 1880 846 1921 filio
871 1880 956 1921 Dei
978 1881 1215 1934 unigenito,
1239 1881 1310 1938 qui
1332 1882 1475 1936 culpas
1497 1882 1674 1924 remittit
1695 1891 1740 1924 et

215 1936 435 1990 supplicia,
474 1945 517 1976 et
554 1937 629 1977 dat
661 1951 764 1977 vera
793 1938 969 1991 praemia
988 1938 1255 1994 gaudiorum.
1320 1940 1526 1980 Humana
1548 1948 1742 1981 creatura

216 1993 392 2034 vanitati
414 1993 645 2047 supposita,
669 1993 827 2048 fragilis
849 1995 978 2035 etiam
1000 2004 1043 2036 et
1065 1995 1186 2037 finita
1206 1996 1261 2037 ad
1282 1997 1499 2038 infinitatis
1521 2005 1564 2038 et
1585 1998 1742 2039 eterni-

217 2050 314 2091 tatis
348 2049 525 2104 gloriam
562 2051 769 2100 ordinata,
794 2067 877 2093 non
913 2052 1044 2094 habet
1074 2068 1130 2094 ex
1151 2069 1194 2095 se
1217 2069 1301 2110 quo
1323 2055 1449 2109 digne
1471 2069 1548 2097 suo
1568 2070 1742 2111 respon-

217 2108 316 2149 dcat
342 2108 551 2152 Creatori.
603 2109 690 2150 Sed
722 2109 768 2159 si,
792 2125 847 2151 ex
869 2124 1012 2151 amore
1032 2111 1227 2162 creanti-s,
1250 2112 1342 2153 zelo
1363 2112 1526 2154 fervido
1547 2113 1745 2155 vulnere-

220 2176 303 2216 tur,
341 2165 482 2221 sicque
514 2165 555 2206 in
592 2167 728 2221 ipsum
769 2167 897 2209 velud
933 2183 1076 2210 amans
1097 2169 1139 2209 in
1161 2179 1372 2212 amantem
1393 2170 1621 2226 obsequior
1642 2186 1745 2212 con-

219 2223 459 2265 tinuacioue
481 2223 816 2266 desiderabiliter
848 2227 1182 2278 transformetur,
1200 2227 1298 2269 Deo
1319 2228 1479 2270 creanti
1500 2228 1745 2284 aliquantis-

217 2296 297 2337 per
328 2296 373 2322 se
404 2281 589 2336 applicat
630 2291 674 2323 et
714 2283 966 2334 conformat,
993 2285 1188 2326 Creatori
1213 2286 1343 2340 juxta
1376 2301 1464 2327 suae
1503 2285 1745 2340 fragilitatis

217 2339 441 2381 modulum
477 2339 797 2395 complacendo,
862 2342 999 2393 Licet,
1038 2342 1179 2397 igitur,
1215 2342 1297 2398 piae
1330 2352 1373 2385 et
1394 2344 1743 2386 commendabilis

218 2397 437 2439 memoriae
465 2397 670 2438 Ricardus
692 2399 907 2454 quondam
927 2400 1228 2442 Dunelmensis
1248 2401 1496 2456 Episcopus,
1519 2402 1745 2456 predeces-

224 2469 296 2496 sor
334 2463 479 2495 noster
529 2454 812 2508 immediatus,
856 2457 959 2499 dum
999 2458 1122 2508 vixit,
1166 2458 1264 2499 Deo
1301 2459 1543 2514 dignissime
1585 2460 1747 2501 studuit

221 2511 430 2562 famulari,
464 2511 542 2553 sibi
579 2527 769 2568 congruo
797 2515 1018 2557 conamine
1049 2515 1092 2556 in
1113 2515 1336 2558 commisso
1359 2516 1396 2558 ei
1417 2516 1620 2573 regimine
1657 2527 1746 2559 tam

223 2569 285 2610 sui
303 2584 430 2625 quam
452 2570 718 2612 subditorum
741 2587 913 2613 suorum
928 2573 1102 2628 jugiter,
1127 2582 1173 2614 ut
1186 2574 1452 2624 confidimus,
1470 2574 1744 2629 respondens,

224 2636 269 2667 et
290 2626 404 2682 quia,
443 2642 538 2668 cum
580 2628 716 2669 omnis
753 2631 895 2671 anima
928 2631 1187 2685 generaliter
1215 2646 1316 2686 erga
1338 2632 1587 2673 Creatorem
1623 2647 1746 2673 suum

224 2684 367 2739 aliquo
388 2684 504 2738 lapsu
539 2685 686 2727 deficit
721 2687 997 2738 offendendo,
1040 2688 1185 2745 sicque
1216 2704 1291 2744 per
1310 2704 1572 2746 consequens
1593 2704 1749 2746 purga-

225 2741 322 2782 torii
343 2755 510 2796 poenam
524 2743 653 2798 juxta
673 2744 810 2800 culpae
830 2745 1083 2789 demeritum
1105 2747 1326 2803 purganda
1346 2747 1400 2791 ad
1419 2755 1583 2804 tempus
1605 2748 1746 2791 subire
