1807 2962
440 134 710 176 APPENDIX.
749 134 869 165 ANN.
897 133 1210 166 MCCCCLXVI.
1441 123 1589 171 cclxxi

121 242 245 293 Item,
289 241 374 283 Pro
406 241 578 284 diversis
615 241 853 283 redditibus
892 240 1092 284 Bul-sario
1126 251 1170 284 et
1211 241 1516 286 Communario
1550 245 1591 286 in

61 300 312 342 Ludworth.
376 302 430 344 A,
455 300 495 340 d.
521 303 592 344 26.

120 359 242 408 Item,
283 358 449 399 Contra
490 357 693 399 Rectores
727 356 999 399 ecclesiarum
1028 357 1082 398 de
1109 365 1340 412 patronatu
1373 358 1529 400 Prioris
1552 368 1594 402 et

62 415 250 471 Capituli
269 415 572 457 Dunelmensis
590 415 630 456 in
650 414 957 457 Houedenshir
971 423 1016 456 et
1032 415 1341 466 Aluertonshir,
1361 425 1595 459 asserentes

60 473 255 516 ecclesias
291 488 385 514 suas
415 482 609 514 oneratas
643 488 734 514 esse
771 472 919 514 annuis
946 473 1218 528 pensionibus
1248 474 1369 516 dictis
1394 475 1530 516 Priori
1553 483 1596 516 et

64 531 264 587 Capitulo
295 531 583 585 persolvendis
617 531 785 572 racione
821 530 1137 572 Jurisdicciouis
1174 540 1218 573 et
1255 533 1346 587 ejus
1382 532 1595 574 exercicio

61 592 103 631 in
136 589 260 631 dictis
289 589 374 629 suis
397 588 583 630 ecclesiis
604 603 680 644 per
702 589 812 643 ipsos
838 589 1040 630 Rectores
1062 589 1177 631 clero
1199 598 1242 631 et
1263 591 1423 645 populo
1444 605 1599 632 eorun-

61 648 159 690 dem
190 647 450 698 exercendis,
488 657 532 688 et
565 662 650 688 non
686 661 761 702 per
797 647 991 688 Priorem
1013 656 1056 688 et
1081 647 1328 703 Capitulum
1345 648 1595 694 antedictos,

63 710 134 749 28.

126 764 251 812 Item,
279 761 593 817 Responsiones
615 762 668 803 ad
692 762 885 818 querelas
916 761 1135 804 hominum
1168 763 1281 804 villae
1305 763 1420 806 Novi
1454 765 1597 807 Castri

64 837 193 877 super
234 820 486 876 quibusdam
528 821 828 862 exaccionibus
870 835 945 875 per
985 821 1096 875 ipsos
1137 822 1282 876 petitis
1317 822 1360 864 in
1402 823 1502 865 villa
1543 824 1596 865 de

66 878 343 921 Southsheles
365 888 407 919 et
423 878 595 919 australi
617 887 737 933 parte.
760 893 882 934 aquae
905 878 958 920 de
981 879 1123 935 Tyna.
1186 884 1255 924 29.

126 938 251 986 Item,
282 936 409 983 Quod
446 937 714 977 Scrutatores
746 953 797 978 ex
822 936 993 978 australi
1014 947 1133 992 parte
1154 953 1276 995 aquae
1299 939 1353 980 de
1377 939 1503 996 Tyna
1525 940 1600 982 de·-

65 996 169 1036 bent
191 1010 284 1036 esse
307 995 360 1035 de
386 994 648 1050 Episcopatu
672 994 967 1036 Dunelmensi.
1029 999 1099 1037 30.

131 1052 388 1094 Informacio
422 1053 640 1108 quomodo
672 1060 844 1094 tenetur
882 1053 1153 1109 Stayndropp
1176 1062 1218 1096 et
1243 1055 1600 1111 Stayndropshire

68 1111 122 1152 de
147 1111 295 1152 Priore
321 1110 612 1151 Dunelmensi.
673 1113 743 1154 31.

129 1168 311 1210 Articuli
346 1183 422 1222 per
454 1167 695 1209 ,Iohannem
733 1168 1013 1223 Wessyngton
1047 1169 1238 1210 Priorem
1268 1170 1601 1214 Dunelmensem

69 1225 288 1282 compilati
320 1241 397 1280 pro
421 1227 519 1281 jure
554 1225 754 1281 Episcopi
792 1226 1093 1268 D-unelmensis
1125 1227 1166 1268 in
1189 1237 1327 1270 castro
1349 1238 1392 1270 et
1415 1230 1603 1272 manerio

73 1284 296 1326 Bernardi.
359 1287 429 1324 32.

131 1343 256 1391 Item,
295 1341 564 1396 Supplicacio
601 1341 794 1384 facienda
823 1342 997 1384 domino
1030 1343 1307 1385 Dunelmensi
1330 1359 1405 1398 pro
1426 1344 1604 1387 licencia

72 1399 350 1442 amortizandi
373 1410 503 1440 terras
525 1400 579 1440 ad
602 1400 787 1440 valorem
813 1401 899 1440 xxli
922 1410 1096 1456 propter
1117 1417 1192 1442 sex
1215 1403 1384 1444 motiva.

134 1459 256 1508 Item,
278 1457 362 1498 Pro
377 1457 475 1511 jure
497 1458 690 1512 originali
712 1457 867 1499 Prioris
885 1468 928 1499 et
945 1459 1131 1514 Capituli
1149 1475 1277 1516 super
1291 1461 1439 1503 Veteri
1456 1461 1603 1518 Burgo

74 1525 117 1557 et
139 1531 267 1573 quare
293 1525 464 1557 vocatus
486 1524 549 1557 est
579 1515 711 1557 Vetus
736 1516 919 1573 Burgus,

533 1682 654 1723 Alius
674 1685 831 1725 rotulas
850 1684 944 1726 huic
964 1691 1161 1726 consutus.

195 1827 481 1855 STRUCTURAE
513 1827 570 1854 ET
604 1827 953 1856 REPARACIONES
997 1829 1287 1859 INTRINSECAE
1323 1833 1378 1859 ET
1412 1833 1491 1860 ΕΧ-

197 1885 434 1912 TRINSECAE
468 1885 564 1912 CUM
598 1885 715 1913 ALIIS
754 1887 971 1914 EXPENSIS
1014 1888 1292 1917 NECESSARIO
1327 1891 1492 1922 REQUI-

201 1943 313 1971 SITIS
348 1943 489 1970 INFRA
520 1944 634 1970 XXIX
656 1944 805 1971 ANNOS
837 1945 1096 1973 PRIORATUS
1128 1948 1360 1976 ,IOHANNIS
1382 1949 1494 1977 WEs-

192 2001 417 2029 SYNGToN.

146 2095 257 2136 Cum
291 2095 335 2136 in
371 2095 563 2136 humanis
596 2096 773 2146 actibus,
812 2104 859 2138 ut
897 2097 1043 2139 volunt
1072 2099 1171 2154 jura
1204 2100 1303 2143 odia
1335 2103 1533 2157 restringi
1570 2112 1613 2146 et

86 2152 250 2194 favores
281 2153 479 2194 convenit
513 2154 720 2207 ampliari,
745 2155 861 2195 salvo
890 2156 1068 2197 ubilibet
1090 2158 1312 2213 privilegio
1335 2161 1535 2211 veritatis,
1569 2172 1614 2204 et

86 2211 275 2251 abducto
306 2210 415 2251 vicio
437 2212 662 2260 vanitatis3
696 2227 744 2252 ac
766 2212 950 2267 quidam,
975 2229 1060 2269 quo
1083 2215 1228 2269 spiritu
1257 2217 1373 2258 ducti
1399 2218 1517 2258 Deus
1539 2234 1616 2261 no-

88 2268 162 2317 vit,
200 2267 479 2324 negligenciae
520 2283 592 2309 seu
642 2268 875 2310 remissioni
915 2271 1123 2312 Johannis
1168 2274 1479 2330 Wessyngton,
1514 2276 1616 2319 dum

89 2334 265 2366 steterat
294 2325 336 2365 in
374 2325 581 2378 regimine
617 2326 848 2376 Prioratus,
893 2329 1104 2370 ascribant
1140 2339 1182 2371 et
1223 2331 1457 2385 imponant,
1500 2336 1616 2390 quod

90 2382 273 2438 plurima
303 2382 482 2431 edificia,
506 2391 550 2423 et
582 2384 796 2438 praecipue
828 2385 882 2425 ad
919 2385 1206 2428 Bursariatum
1230 2389 1507 2443 pertinencia,
1532 2407 1617 2434 non

92 2450 213 2481 erant
235 2439 378 2480 debite
396 2448 630 2481 sustentata
652 2454 729 2481 nec
753 2451 961 2496 reparata,
981 2443 1090 2493 ideo,
1107 2445 1159 2485 ad
1183 2446 1309 2487 dictae
1331 2448 1617 2502 imposicionis

93 2497 428 2553 responsionem,
467 2507 509 2539 ct
543 2497 646 2539 dicti
676 2498 884 2540 Johannis
921 2500 1272 2554 declaracionem,
1296 2516 1499 2548 notantur
1520 2523 1617 2565 quae

94 2564 343 2610 sequuntur.

155 2614 300 2655 Prima
320 2624 397 2662 est,
421 2612 552 2668 quod,
586 2627 661 2668 per
692 2613 878 2668 spacium
910 2630 957 2656 cc
989 2631 1208 2668 annorum,
1233 2634 1317 2675 quo
1340 2628 1530 2676 tempore
1553 2639 1619 2666 re-

96 2681 221 2726 cepta
255 2670 523 2713 Bursariatus
545 2680 663 2712 erant
698 2673 866 2726 majoris
889 2674 1040 2714 valoris
1068 2691 1194 2731 quam
1223 2680 1486 2733 temporibus
1508 2683 1620 2737 ejus-

94 2729 208 2778 dem,
233 2737 276 2770 et
297 2728 499 2784 precipue
522 2728 563 2768 in
585 2728 789 2770 fructibus
812 2728 1095 2784 ecclesiarum,
1120 2735 1270 2788 partim
1302 2748 1477 2792 propter
1497 2758 1622 2797 guel.-

98 2801 187 2828 ram
209 2786 319 2828 inter
350 2801 481 2841 regna
515 2786 681 2842 Angliae
703 2796 745 2829 et
770 2789 944 2839 Scociae,
968 2790 1040 2831 ubi
1063 2791 1103 2832 in
1125 2793 1313 2836 marchia
1333 2796 1500 2840 situatae
1521 2813 1620 2845 sunt
