1807 2962
428 53 700 88 APPENDIX.
731 52 850 85 ANN.
879 51 1198 85 Mccccxxlx.
1426 38 1582 86 ccxvii

52 177 162 204 novo
183 161 475 218 praejudicium
497 160 668 217 aliquod
690 168 931 214 generetur.
997 158 1046 199 In
1068 157 1187 212 cujus
1208 157 1268 199 rei
1292 157 1582 200 testimonium

51 221 234 274 sigillum
274 234 497 261 commune
538 219 712 274 capituli
754 218 885 258 nostri
922 216 1202 271 praesentibus
1239 225 1303 257 est
1333 230 1581 271 appensum.

54 279 170 320 Data
201 278 243 318 in
275 277 404 318 domo
435 286 581 318 nostra
620 276 857 331 capitulari,
890 279 975 315 VI1⁰
1006 273 1077 316 die
1117 274 1269 314 mensis
1302 273 1580 329 Septembris,

53 351 167 378 anno
191 335 366 378 Domini
389 335 614 377 millesimo
637 341 798 375 cccc¹¹¹⁰
818 332 1020 375 vicesimo
1051 339 1222 374 octavo.

170 662 331 692 CXCIII.
367 661 534 689 LITERA
563 661 695 689 MISSA
724 661 910 689 DOMINO
933 660 1154 689 EPISCOPO
1178 659 1238 687 DE
1262 658 1467 688 COMBUS-

393 720 535 747 TIONE
559 719 710 748 MAGNI
734 719 1012 747 CAMPANILIS
1035 718 1246 748 DUNELM.

605 812 710 857 [aeg.
729 812 778 846 11.
793 797 895 846 Par‘v.
910 812 967 846 f01.
983 812 1056 854 39.]

117 905 485 948 Reverendissime
516 921 565 948 ac
587 905 915 963 singularissime
938 905 1151 948 Domine!
1189 904 1302 953 Quia
1324 903 1378 946 ad
1401 912 1587 946 vestrum

55 963 250 1005 auditum
285 978 370 1005 non
392 964 543 1006 dubito
572 963 814 1020 pervenisse
846 963 1139 1014 infortunium,
1162 963 1279 1019 quod
1301 962 1344 1003 in
1365 963 1590 1016 campanili

57 1021 245 1062 ecclesiae
276 1031 429 1063 vestrae
452 1021 751 1063 Dunelmensis
781 1036 917 1076 nuper
947 1020 1182 1071 accidebat,
1205 1035 1283 1075 pro
1304 1030 1443 1061 vestra
1464 1020 1594 1062 tristi-

57 1079 122 1120 cia
144 1078 184 1119 in
206 1088 328 1133 parte
349 1079 607 1122 consolanda
626 1079 727 1121 facti
743 1079 1041 1121 certitudinem
1063 1078 1237 1120 notifico
1254 1093 1331 1133 per
1346 1087 1590 1133 praesenteS.

59 1137 112 1178 In
147 1145 273 1177 nocte
307 1147 408 1178 ante
445 1137 557 1178 diem
588 1137 792 1191 Corporis
828 1136 1001 1186 Christi,
1025 1151 1050 1177 a
1070 1136 1238 1177 decima
1259 1136 1363 1176 hora
1385 1150 1516 1191 usque
1537 1136 1593 1177 ad

58 1195 282 1249 septimam
303 1195 451 1235 horam
474 1204 571 1250 post
593 1194 776 1236 mediam
800 1202 982 1244 noctem,
1009 1195 1196 1235 tonitrua
1216 1202 1260 1234 et
1281 1193 1450 1247 fulgura
1470 1203 1592 1234 erant

48 1252 102 1293 'in
140 1252 329 1306 partibus
365 1252 518 1293 nostris
553 1252 771 1294 horribilia
805 1260 850 1293 et
884 1251 1099 1293 inaudita:
1134 1260 1179 1292 et
1207 1251 1436 1306 praecipue,
1460 1265 1593 1305 parvo

60 1309 261 1364 temporis
292 1311 435 1365 spacio
456 1319 554 1351 ante
576 1310 723 1351 horam
745 1310 923 1364 primam
946 1317 1043 1364 post
1064 1308 1245 1350 mediam
1268 1317 1451 1359 noctem,
1476 1317 1595 1350 tanta

61 1367 141 1408 fuit
163 1368 338 1409 tonitrui
361 1367 579 1418 violencia,
598 1367 771 1424 quando
792 1381 958 1408 eramus
980 1366 1034 1407 ad
1057 1366 1295 1417 matutinas,
1315 1366 1430 1422 quod
1453 1381 1596 1421 spera·

61 1425 211 1466 bamus
243 1440 440 1480 magnam
474 1435 640 1480 partem
673 1424 863 1466 ecclesiae
893 1423 1107 1465 cecidisse.
1174 1423 1274 1472 Quo
1308 1433 1514 1478 tempore,
1551 1432 1596 1465 ut

63 1483 142 1524 fuit
178 1483 311 1537 magis
348 1483 585 1533 verisimile,
610 1482 801 1538 superior
830 1496 926 1537 pars
949 1481 1090 1538 magni
1122 1481 1382 1536 campaniliS,
1405 1481 1483 1522 sub
1506 1481 1596 1522 tolo

63 1550 217 1582 vocato
253 1541 416 1596 anglice
450 1542 489 1582 le
524 1540 625 1596 poll,
662 1541 748 1582 ictu
781 1539 957 1594 fulguris
988 1539 1067 1581 fuit
1098 1554 1300 1588 accensa3
1330 1538 1429 1595 igne
1451 1547 1597 1580 tamen

64 1608 164 1639 ante
195 1599 342 1641 horam
375 1599 596 1654 septimam
627 1598 711 1639 diei
735 1597 906 1639 minime
928 1607 1136 1652 concepto
1159 1597 1223 1638 vel
1246 1597 1352 1637 visui
1374 1597 1596 1638 hominum

65 1666 321 1710 apparente3
358 1671 384 1697 a
414 1671 498 1712 qua
527 1656 645 1706 hora,
668 1670 800 1712 usque
822 1655 876 1696 ad
897 1655 1192 1696 duodecimam
1215 1654 1378 1705 horam,
1396 1654 1599 1695 horribile

66 1715 236 1757 duravit
257 1714 496 1755 incendium
517 1729 527 1763 3
560 1723 604 1755 et
627 1714 738 1755 tolus
770 1713 824 1753 de
846 1727 980 1768 cupro
1002 1712 1069 1753 vel
1090 1727 1189 1762 aere,
1212 1711 1433 1753 continens
1455 1712 1496 1752 in
1518 1711 1598 1752 cir-

66 1771 353 1814 cumferencia
383 1772 407 1826 ij
439 1772 559 1813 ulnas
580 1779 623 1813 et
645 1771 684 1826 iij
708 1770 956 1827 quarterias,
981 1769 1346 1812 vehementissime
1367 1769 1601 1810 inflamma-

67 1840 151 1879 ως,
190 1845 290 1871 >cum
327 1828 417 1871 aliis
452 1829 733 1884 grossioribus
768 1829 1035 1869 ferramentis
1072 1836 1116 1868 et
1152 1827 1316 1868 facibus
1351 1826 1598 1868 ardentibus

66 1902 196 1941 super
226 1887 446 1930 ecclesiam
478 1888 520 1928 in
552 1887 647 1928 loco
668 1887 722 1928 ad
745 1883 881 1926 minus
904 1894 1202 1927 nocumentum
1225 1885 1394 1929 cecidit.
1463 1885 1601 1926 Bene-

68 1945 207 1987 dictus
231 1945 488 1989 Altissimus.
547 1945 595 1986 In
618 1959 703 2001 quo
719 1944 834 1985 facto
855 1943 973 1984 Deus
989 1942 1178 1998 graciose
1196 1942 1284 1999 egit
1303 1958 1313 1984 τ
1338 1957 1433 1984 nam
1452 1942 1600 1983 decem

69 2003 134 2043 vel
170 2002 396 2044 duodecim
424 2002 626 2052 homines,
658 2017 738 2056 pro
760 2000 1029 2043 extinccione
1051 2001 1159 2055 ignis
1180 2000 1292 2041 inter
1313 2000 1428 2055 ligna
1449 2000 1603 2041 arden-

69 2060 129 2101 tia
159 2062 414 2110 laborantes,
442 2070 486 2102 et
506 2061 682 2115 plumbo
703 2059 934 2115 liquefacto
955 2058 1127 2114 perfusi,
1151 2068 1194 2099 et
1216 2057 1319 2099 dicti
1342 2058 1417 2099 toli
1438 2058 1600 2099 facibus

69 2118 317 2160 cadentibus
351 2120 454 2160 tacti
488 2127 530 2160 et
557 2117 760 2173 percussi,
785 2125 1031 2158 manserunt
1053 2115 1186 2158 illaesi.
1250 2116 1308 2157 Et
1328 2117 1386 2157 sic
1408 2115 1603 2170 precibus

69 2176 231 2230 populi,
265 2176 337 2232 qui
368 2176 411 2217 in
444 2175 719 2217 multitudine
751 2190 906 2228 magna
926 2175 980 2215 ad
1002 2174 1083 2215 hoc
1106 2174 1387 2220 confluxerat,
1413 2173 1508 2213 Deo
1530 2187 1606 2213 an-

72 2242 242 2283 nuente,
280 2234 364 2274 cito
396 2241 495 2287 post
529 2233 677 2273 horam
710 2232 890 2287 primam
924 2240 1021 2286 post
1042 2230 1260 2272 meridiem
1284 2230 1392 2284 ignis
1414 2229 1604 2271 totaliter

21 2292 30 2295 ⁷
73 2300 136 2331 est
167 2290 406 2339 extinctus;
439 2299 481 2331 et
514 2305 640 2344 super
661 2290 757 2339 hoc,
780 2304 931 2344 ymnus
960 2290 1017 2330 Te
1039 2290 1175 2329 Deum
1194 2288 1413 2328 laudamus
1433 2301 1459 2327 a
1479 2287 1603 2328 nobis

73 2356 118 2389 et
152 2347 423 2388 multitudine
460 2347 605 2402 populi
637 2346 906 2388 devotissime
938 2345 1017 2386 fuit
1050 2345 1321 2394 decantatus3
1343 2343 1443 2400 quia
1464 2344 1604 2384 nullus

75 2414 152 2456 est,
187 2407 256 2462 qui
292 2405 374 2446 hoc
410 2404 570 2446 factum
605 2405 785 2459 propriis
814 2403 945 2444 oculis
976 2402 1096 2452 vidit,
1130 2403 1233 2458 quin
1266 2402 1516 2443 miraculose
1539 2416 1604 2443 re-

74 2472 214 2519 putat,
249 2463 365 2519 quod
400 2477 485 2503 non
522 2470 662 2503 totum
697 2461 947 2516 campanile,
983 2469 1026 2501 et
1058 2474 1113 2501 ex
1134 2459 1407 2514 consequenti
1429 2458 1605 2501 ecclesia

76 2536 173 2562 cum
204 2521 399 2562 domibus
431 2520 680 2575 conjunctis,
712 2528 927 2560 tantarum
953 2518 1220 2559 flammarum·
1240 2517 1437 2559 incendio
1459 2516 1605 2558 fuisset

76 2579 360 2620 combustum.
424 2578 615 2620 Scientes
636 2577 750 2633 quod
773 2576 887 2617 dicta
907 2575 1098 2630 superior
1119 2590 1214 2630 pars
1231 2574 1474 2630 campanilis
1491 2589 1608 2615 eom-

75 2637 201 2678 busta
230 2636 420 2678 continet
451 2635 491 2676 in
522 2634 813 2689 longitudine,
831 2640 879 2675 ut
900 2634 1060 2675 dictum
1082 2642 1158 2683 est,
1182 2632 1607 2674 secundumestima-

78 2695 258 2745 cionem,
292 2708 529 2736 mensuram
563 2692 708 2747 viginti
732 2693 904 2748 pedum.
985 2692 1040 2733 Et
1062 2691 1402 2732 dominacionem
1424 2699 1604 2732 vestram
