1807 2962
438 62 723 99 APPENDIX.
746 63 867 95 ANN.
897 57 1185 94 mchxxix.
1517 47 1581 94 lxi

281 335 375 365 xm.
405 333 594 363 -CHARTA
612 331 827 361 SECUNDA
849 330 1074 359 manRm
1098 331 1234 359 REGIS
1259 330 1357 361 E'rc·

502 428 654 471 [Cosin's
670 427 900 469 Transcripts‚
917 426 996 460 Fol.
1014 427 1068 466 17,
1085 426 1136 470 b.]

119 525 331 569 Ricardus
357 522 440 565 Dei
460 522 603 577 gracia
627 520 725 562 Rex
747 520 931 575 Angliae,
950 522 1058 563 Dux
1074 521 1368 572 Nox-manniae,
1393 530 1436 563 et
1461 521 1593 578 Aqui-

57 585 204 634 taniae,
227 593 271 625 et
295 583 452 624 Comes
475 578 754 633 Andegaviae,
784 579 1138 634 Archiepiscopis,
1160 579 1393 635 EpiscopiS,
1413 580 1595 622 Abbati-

60 643 154 692 bus,
181 639 436 689 Comitibus‚
463 637 716 687 Baronibus‚
739 635 1006 687 Justiciariis,
1022 637 1372 688 vicecomitibus,
1392 646 1436 681 et
1457 637 1596 679 omni-

58 701 142 742 ‘bus
175 697 376 740 ministris
408 705 451 738 et
482 694 683 737 fidelibus
714 694 799 735 suis
821 694 953 736 totius
978 694 1161 750 Angliae,
1185 696 1379 737 salutem.
1442 695 1595 738 Sciatis

60 772 140 800 ¹nos
162 755 397 798 reddidisse
416 754 513 795 Deo
530 762 574 794 et
591 753 731 794 Beato
747 752 990 794 Cuthberto
1006 762 1049 794 et
1070 753 1275 795 Ecclesiae
1294 753 1594 804 Dunelmensi‚

63 823 106 857 et
131 812 312 868 Hugoni
338 812 566 867 Episcopo,
586 821 629 852 et
650 810 960 852 successoribus
982 813 1071 867 ejus
1092 810 1134 851 in
1156 820 1428 867 perpetuum,
1453 826 1599 853 mane-

63 873 173 914 rium
206 874 260 913 de
300 871 530 924 Sadberga‚
564 883 662 909 cum
685 868 959 925 wapentagiis
981 878 1024 910 et
1045 868 1197 910 foeod'is
1219 869 1414 920 militum,
1433 878 1477 911 et
1498 884 1597 911 cum

59 929 260 973 omnibus
288 926 560 984 pertinenciis
593 940 689 982 quae
720 927 839 980 prius
870 926 929 967 eis
956 926 1197 968 dederimus
1219 936 1263 968 et
1283 927 1431 969 charta
1451 936 1600 970 nostra

66 986 422 1036 confirmavimus,
453 999 532 1040 pro
564 983 778 1025 sexcentis
810 983 978 1034 marcis,
1013 999 1115 1040 quas
1145 984 1267 1026 nobis
1288 984 1387 1027 inde
1409 985 1597 1042 donavit.

71 1046 216 1094 Quare
250 1044 443 1085 volumus
477 1051 520 1084 et
551 1041 806 1096 precipimus
837 1042 954 1097 qnod
972 1043 1064 1096 ipse
1084 1042 1339 1097 praedictum
1359 1043 1598 1085 manerium

65 1104 121 1145 de
153 1102 346 1156 Sadberg
379 1116 476 1142 cum
512 1098 786 1154 wapentagiis
807 1108 851 1140 et
883 1099 1036 1140 foeodis
1068 1099 1251 1141 militum
1283 1115 1380 1142 cum
1401 1101 1598 1142 omnibus

63 1159 337 1217 pertinenciis
367 1158 410 1199 in
439 1171 589 1212 puram
611 1166 654 1198 et
673 1164 925 1211 perpetuam
948 1157 1249 1213 elemosynam,
1273 1158 1419 1209 libere,
1442 1158 1599 1214 quiete,

61 1228 112 1260 et
144 1217 378 1259 honorifice
411 1216 567 1257 habeat
595 1222 639 1256 et
676 1222 834 1264 teneat,
869 1214 978 1255 sicut
998 1214 1146 1256 charta
1167 1226 1326 1266 nostra,
1351 1231 1477 1272 quam
1499 1217 1599 1258 inde

63 1276 196 1318 ,habet
233 1283 425 1317 testatur.
488 1273 544 1314 Et
580 1272 692 1313 bene
726 1271 920 1312 volumus
943 1280 984 1313 et
1006 1273 1292 1323 concedimus,
1315 1282 1521 1330 quantum
1544 1274 1600 1315 ad

64 1349 143 1375 nos
172 1332 372 1388 pertinet,
407 1331 439 1371 si
461 1329 553 1386 quis
575 1329 673 1370 inde
690 1329 774 1369 vim
797 1329 837 1370 ei
859 1330 924 1371 vel
943 1330 1182 1372 molestiam
1204 1339 1354 1373 contra
1373 1331 1538 1373 chartas
1560 1341 1603 1373 et

69 1390 416 1433 confirmaciones
447 1396 612 1428 nostras
649 1387 808 1437 fecerit,
839 1387 946 1428 iram
980 1396 1028 1429 et
1062 1388 1407 1430 maledictionem
1439 1389 1525 1430 Dei
1556 1399 1602 1431 et

68 1458 255 1491 nostram
296 1447 497 1488 incurrat.
577 1445 777 1486 Testibus
816 1445 866 1486 B.
908 1445 1209 1487 cantuariensi
1250 1446 1600 1503 Archiepiscopo.

73 1508 136 1549 H.
164 1506 331 1548 Saresb.
364 1504 577 1559 episcopo,
614 1502 764 1553 Gileb,
790 1501 962 1558 Pipard,
989 1503 1138 1545 Bartin
1161 1504 1215 1546 de.
1238 1504 1430 1546 Verdun.
1484 1505 1603 1547 Data

67 1565 187 1620 apud
219 1561 471 1611 Massiliam,
494 1575 571 1615 per
592 1575 762 1602 manum
787 1560 999 1602 Willelmi
1019 1561 1094 1602 filii
1121 1561 1339 1613 Richardi,
1363 1562 1513 1619 quinto
1534 1563 1604 1606 die

73 1621 273 1677 Augusti,
297 1619 419 1675 regni
440 1617 574 1659 nostri
595 1633 709 1659 anno
731 1617 882 1672 primo.

132 1680 174 1722 Is
191 1688 283 1721 erat
303 1687 428 1719 tenor
446 1676 624 1718 Chartae
646 1684 803 1717 nostrae
825 1675 866 1716 in
887 1675 1028 1731 primo
1049 1676 1188 1732 sigillo
1205 1685 1353 1720 nostro
1374 1678 1490 1736 quod
1503 1678 1605 1735 quia

73 1736 304 1794 aliquando
333 1734 550 1791 perditum
580 1733 673 1783 fuit,
698 1743 742 1775 et
764 1733 866 1774 dum
888 1734 930 1774 in
953 1735 1168 1776 Almanna
1187 1736 1300 1791 capti
1322 1751 1504 1778 essemus
1525 1737 1604 1778 sub

73 1795 212 1837 aliena
258 1800 473 1850 potestate
524 1791 801 1833 constitutum
866 1800 1079 1834 mutatum
1144 1801 1221 1835 est.
1308 1794 1606 1836 Innovationis

74 1861 216 1895 autem
266 1851 391 1906 hujus
429 1849 490 1890 *hii
530 1858 627 1890 sunt
666 1858 807 1899 testeS,
870 1849 1071 1906 magister
1112 1850 1362 1908 Maugerus,
1403 1851 1606 1907 magister

78 1910 274 1965 Rogerus
307 1909 360 1950 de
381 1909 541 1951 'Sancto
584 1906 827 1956 Edmundo,
856 1907 1068 1950 Robertus
1089 1909 1344 1963 capellanuS,
1381 1910 1605 1964 Waganus

75 1968 212 2018 Brito,
235 1966 481 2008 Willielmus
504 1964 796 2014 Marescallus‚
819 1964 1009 2006 Warinus
1038 1965 1149 2008 filius
1176 1966 1372 2018 Geroldi,
1394 1967 1605 2009 Radulfus

74 2026 128 2067 de
155 2025 313 2067 Arden.
375 2023 494 2066 Data
524 2037 600 2077 per
630 2037 802 2063 manum
835 2022 1054 2065 Eustachii
1085 2024 1265 2066 Eliensis
1289 2026 1490 2081 Episcopi
1506 2040 1608 2067 can-

70 2083 232 2125 cellarii
263 2080 408 2131 nostri,
441 2080 556 2135 apud
577 2080 723 2130 Lions,
746 2080 928 2135 septimo
958 2081 1028 2124 die
1050 2082 1318 2134 Decembris,
1341 2099 1455 2125 anno
1486 2082 1607 2139 regni

72 2140 212 2183 nostri
234 2139 413 2182 decimo.

252 2227 582 2284 Exemplificata
602 2237 646 2269 et
667 2229 917 2270 confirmata
936 2244 1012 2284 per
1034 2230 1085 2273 Ε.
1109 2245 1157 2276 11.
1187 2232 1239 2274 R.
1263 2246 1311 2274 11.
1333 2231 1395 2274 H.
1414 2245 1470 2274 xv.
1496 2230 1545 2274 H
1567 2243 1606 2273 v.

194 2287 354 2342 Reges,
376 2295 420 2330 et
443 2286 548 2329 Eliz.
574 2286 786 2344 Reginam
809 2287 993 2344 Angliae.
