1807 2962
488 35 765 67 APPENDIX.
794 34 914 65 ANN.
944 35 1222 67 MCCCCXVI.
1525 36 1609 67 CCV

75 145 269 187 Roberto
305 151 349 185 et
388 143 518 185 Petro
552 143 605 184 de
628 142 765 198 l'Hay
801 153 875 183 aut
908 156 1058 183 eorum
1094 150 1213 182 certo
1245 147 1461 183 attornato
1492 144 1606 198 apud

74 202 337 244 Dunelmum
383 201 426 241 in
467 201 576 242 festo
623 200 769 242 Sancti
801 199 1028 241 Michaelis
1070 199 1327 253 archangeli,
1371 200 1486 255 quod
1527 201 1607 242 erit

73 276 186 303 anno
216 259 395 301 Domini
427 258 651 300 millesimo
673 273 769 299 cccc
792 268 944 299 octavo
966 256 1146 308 decimo,
1171 257 1260 298 sine
1283 257 1482 299 ulteriore
1504 258 1609 299 dila-

73 318 196 361 cione
214 333 222 359 :
256 317 310 358 ad
332 332 459 373 quam
481 317 652 373 quidem
677 316 937 358 solucionem
956 315 1083 357 dictae
1097 315 1368 369 motietae,:ut
1391 316 1612 370 praemitti-

74 384 158 427 tur,
196 375 381 417 fideliter
416 375 668 425 faciendam,
704 373 939 428 obligamus
971 388 1049 415 nos
1079 382 1122 415 et
1144 373 1380 430 quemlibet
1399 383 1606 425 nostrum,

73 449 150 490 per
171 449 214 475 se
237 442 279 475 et
299 432 342 473 in
364 432 562 483 solidum,
585 433 672 474 fide
695 432 847 482 media,
871 431 1065 473 haeredes
1087 440 1130 473 et
1152 441 1404 473 executores
1426 441 1609 484 nostros,

74 507 123 534 ac
145 491 288 534 omnia
308 491 422 532 bona
444 500 586 532 nostra
607 490 782 532 mobilia
817 499 860 531 et
892 489 1138 540 immobilia,
1162 490 1420 546 ubicumque
1451 489 1610 533 fuerint

74 550 263 600 inventa,
287 564 363 604 per
385 558 631 604 praesentes,
698 548 746 590 In
769 547 887 603 cujus
910 547 971 589 rei
994 547 1285 590 testimonium
1307 548 1444 603 sigilla
1464 559 1611 591 nostra

74 608 353 663 praesentibus
374 608 663 662 apposuimus.
724 607 843 648 Data
864 607 907 647 in
929 606 1039 648 festo
1063 606 1208 649 Sancti
1232 605 1470 658 Michaelis,
1498 622 1609 650 anno

78 665 254 708 Domini
275 664 497 706 millesimo
518 680 614 706 cccc
636 664 946 706 sextodecimo.

138 722 346 766 Condicio
383 723 501 764 istius
537 723 816 780 obligacionis
851 722 945 764 talis
979 730 1058 773 est,
1082 721 1211 779 quod,
1236 722 1269 764 si
1291 723 1400 764 infra
1430 724 1609 779 scriptus

81 782 270 823 Thomas
307 781 516 837 Hyndley
552 781 768 837 compleat
800 796 905 837 opus
943 790 1108 837 quartae
1135 782 1270 837 partis
1307 782 1492 822 Claustri
1519 782 1610 823 Du-

77 840 224 889 nelm.‚
263 840 496 881 secundum
530 840 801 881 condiciones
837 847 1059 880 contentas
1095 839 1138 879 in
1171 839 1426 895 quibusdam
1463 840 1612 882 inden-

79 898 182 939 turis
204 897 313 939 inter
334 898 592 939 reverendas
614 913 814 953 personas
847 897 1133 952 infrascriptas
1151 906 1195 938 et
1213 897 1374 939 dictum
1397 898 1611 940 Thomam

82 955 285 1012 Hyndley
316 956 416 997 inde
439 956 656 1005 confectis,
681 956 796 1012 quod
819 963 919 996 tunc
942 970 1127 1009 praesens
1164 955 1375 1010 obligacio
1407 957 1612 999 ducenta-

78 1029 172 1055 rum
204 1013 408 1055 librarum
439 1014 594 1055 nullius
614 1013 667 1055 sit
700 1013 880 1068 vigoris3
912 1013 1097 1069 alioquin
1119 1014 1163 1055 in
1183 1029 1260 1056 suo
1282 1015 1436 1058 robore
1457 1023 1540 1057 stet
1569 1024 1611 1057 et

79 1081 342 1128 permaneat.

201 1348 363 1376 CLXXX.
398 1345 651 1374 CARISSIMIS
686 1345 734 1372 IN
768 1345 965 1372 CHRISTO
998 1345 1134 1373 FILIIS
1167 1346 1414 1376 SUPPRIORI
1438 1349 1494 1377 ET

304 1404 533 1433 CAPITULO
568 1403 798 1432 ECCLESIAE
830 1403 1020 1430 NOSTRAE
1052 1404 1392 1434 DUNELMENSIS.

405 1498 521 1541 [Cart.
540 1498 616 1531 ΙΙΙ.
630 1497 656 1530 f.
672 1500 749 1535 297.
767 1501 803 1531 et
828 1498 923 1542 Orig.
940 1502 973 1531 2.
989 1501 1020 1531 6.
1038 1499 1166 1533 Pontis·
1182 1501 1227 1534 R.
1247 1503 1295 1545 1.]

146 1593 361 1638 Carissimi
393 1593 434 1634 in
470 1592 643 1634 Clu-isto
672 1592 760 1643 filii,
793 1593 979 1636 Litteras
1016 1604 1176 1637 vestras
1210 1597 1414 1640 Dunelmi
1436 1603 1615 1656 scriptas*

83 1662 278 1696 recenter
309 1652 563 1706 accepinmS‚
587 1665 662 1705 per
697 1666 799 1707 quas
833 1651 1122 1695 intelleximus
1150 1654 1390 1698 Prioratum
1421 1659 1612 1701 ecclesiae

83 1721 239 1753 nostrae
257 1708 558 1752 Dunelmensis
577 1723 651 1763 per
672 1719 852 1751 mortem
868 1711 1075 1753 Johannis
1095 1712 1457 1771 Hemmyngburg
1478 1718 1615 1760 ultimi

87 1768 247 1811 Prioris
281 1768 483 1825 ejusdem,
519 1767 638 1821 cujus
672 1767 824 1808 animae
856 1770 1118 1824 propicietur
1153 1771 1405 1824 Altissimus,
1429 1775 1482 1817 de
1504 1791 1615 1831 prae-

85 1828 198 1869 senti
215 1841 391 1874 vacare3
425 1833 467 1867 et
498 1834 725 1880 propterea
741 1826 960 1868 humiliter
980 1828 1182 1883 petivistis
1204 1845 1230 1871 a
1250 1832 1370 1872 nobis
1392 1832 1614 1877 licenciam

83 1886 206 1927 vobis
227 1883 406 1926 concedi
422 1883 550 1924 alium
567 1883 610 1923 in
634 1883 825 1926 Priorem
848 1886 980 1927 libere
1002 1885 1187 1941 eligendi
1203 1903 1215 1937 3
1237 1903 1315 1943 pro
1336 1905 1419 1946 qua
1441 1893 1616 1948 quidem

84 1942 262 1985 licencia
282 1957 356 1997 per
372 1942 551 1983 latorem
573 1943 851 1996 praesencium
868 1943 1088 1985 scribimus
1114 1946 1441 1990 Constabulario
1472 1960 1618 1993 nostro

86 2000 383 2051 Dunelmensi,
403 1999 518 2056 quod
538 2000 616 2041 sub
638 2002 792 2054 magno
809 2002 946 2056 sigillo
963 2011 1109 2044 nostro
1131 2003 1375 2059 hujusmodi
1395 2007 1616 2051 licenciam

86 2059 131 2101 in
162 2059 299 2101 forma
330 2058 476 2100 debita
506 2057 625 2099 vobis
656 2058 782 2100 faciat
803 2059 1007 2102 indilate:
1041 2070 1197 2103 vestras
1219 2064 1472 2117 prudencias
1495 2067 1619 2109 obse-

87 2125 254 2159 crantes
287 2116 495 2158 attencius
527 2124 571 2156 et
592 2115 634 2156 in
657 2116 847 2159 Domino
869 2118 1070 2160 obnixius
1093 2121 1380 2172 exhortantes,
1404 2125 1613 2179 quatinus,

88 2175 253 2217 interna
288 2173 628 2216 consideracione
664 2184 907 2228 pensantes,
931 2186 1110 2232 quantos
1142 2178 1307 2220 labores
1330 2188 1372 2221 et
1393 2196 1617 2235 expensas,

88 2241 195 2289 quot
226 2232 457 2286 litigiorum
490 2231 730 2282 amfractus,
766 2244 1009 2290 quantaque
1045 2234 1261 2276 diuturnae
1298 2238 1532 2280 vacacionis
1555 2239 1618 2281 in-

88 2290 314 2332 commoda
334 2289 570 2330 elecciones
588 2291 629 2329 in
651 2289 862 2332 discordia
882 2292 1108 2333 celebratae
1123 2294 1339 2335 retroactis
1354 2297 1617 2351 temporibus

88 2347 375 2404 parturierint,
400 2347 440 2386 in
476 2346 554 2387 hac
590 2347 818 2398 eleccione,
842 2349 975 2390 sancti
1006 2349 1186 2404 Spiritus
1208 2351 1487 2406 inspiracione
1509 2356 1619 2398 cele-

88 2406 264 2456 branda,
298 2405 435 2446 solum
470 2404 613 2445 Deum
645 2420 735 2460 prae
771 2406 902 2447 oculis
938 2406 1156 2458 habentes,
1191 2418 1355 2451 semota
1387 2412 1619 2456 affeccione

91 2463 263 2513 carnali,
288 2463 416 2504 talem
440 2461 556 2503 vobis
574 2463 779 2504 studeatis
801 2464 958 2518 eligere
980 2466 1246 2507 concorditer
1263 2467 1305 2507 in
1330 2469 1523 2512 Priorem
1545 2473 1617 2528 qui

91 2521 144 2562 sit
173 2520 388 2575 religionis
426 2520 516 2561 zelo
548 2521 766 2575 probatus,
804 2521 1028 2564 honestate
1052 2523 1149 2564 vitae
1171 2524 1409 2577 laudabilis,
1433 2527 1476 2569 in
1498 2530 1620 2584 spiri-

93 2580 274 2621 tualibus
311 2578 526 2633 providuS‚
566 2585 608 2618 et
645 2578 687 2619 in
725 2580 1024 2635 temporalibus
1058 2581 1414 2638 circumspectus3
1468 2595 1509 2628 et
1543 2602 1620 2642 per

92 2638 209 2692 cujus
246 2636 496 2677 industriam
528 2636 744 2678 Prioratus
776 2637 863 2693 ipse
896 2647 981 2680 tam
1018 2639 1059 2679 in
1093 2640 1382 2695 spiritualibus
1418 2658 1544 2699 quam
1577 2646 1619 2687 in

93 2694 395 2752 temporalibus
413 2695 630 2737 fructuosa
649 2695 866 2752 percipere
884 2696 1014 2752 possit
1036 2697 1237 2742 continua
1252 2698 1527 2748 incrementa.
1566 2704 1626 2747 Et,
