1807 2962
221 95 331 143 XVlll
523 114 657 144 HIST.
686 114 920 146 DUNELM.
951 114 1255 146 SCRIPTORES
1282 115 1424 147 TRES.

223 218 421 273 Turgoto
472 229 514 262 et
566 221 874 262 successoribus
916 221 1007 275 ejus
1038 221 1145 262 sicut
1187 238 1301 264 nunc
1341 224 1485 273 habet,
1537 223 1744 273 concedo,

219 278 452 319 secundum
504 279 823 320 concessionem
879 279 955 321 W.
1006 280 1238 321 eorundem
1290 281 1491 337 episcopi.
1586 281 1746 323 Omnes

221 335 349 376 etiam
381 336 609 391 dignitates
641 346 683 378 et
719 338 952 387 libertates,
985 352 1087 393 quas
1110 338 1153 377 in
1177 338 1438 394 Episcopatu
1463 339 1746 381 Dunelmensi

220 392 280 435 eis
312 394 520 436 concessit
548 395 661 436 idem
690 395 936 450 Episcopus,
971 395 1028 436 eis
1050 397 1268 445 concedo;
1301 406 1342 438 et
1364 398 1574 453 prohibeo
1594 412 1649 437 ne
1671 397 1747 438 ali-

221 453 315 507 quis
355 453 642 494 ministrorum
685 468 876 494 meorum
918 453 972 494 de
1015 453 1094 494 hiis
1130 454 1313 509 aliquam
1345 456 1581 496 molestiam
1616 454 1746 496 faciat

219 511 441 553 monachis
472 511 607 552 sancti
640 510 866 552 Cuthberti
899 512 972 552 sed
1004 526 1150 552 omnes
1181 512 1410 563 libertates,
1435 513 1678 567 dignitates,
1702 522 1746 553 et

220 568 546 611 consuetudines
569 584 677 618 suaS,
702 569 908 619 habeant3
940 578 982 611 et
1003 569 1146 611 omnia
1167 585 1242 611 sua
1262 572 1340 612 sub
1362 586 1487 612 manu
1511 580 1553 612 et
1574 580 1746 625 protec-

220 626 337 668 tione
373 643 469 669 mea
500 629 610 669 bene
632 637 675 668 et
696 628 828 668 libere
851 636 894 668 et
927 627 969 668 in
992 643 1095 682 pace
1118 628 1360 683 disponant,
1385 638 1469 670 tam
1493 628 1535 669 in
1557 627 1680 670 terris
1702 639 1745 670 et

220 685 420 736 ecclesiis,
444 701 571 742 quam
594 685 635 725 in
657 685 793 741 planis
815 695 858 727 et
879 686 1058 740 pascuis,
1081 686 1192 727 silvis
1215 696 1257 729 et
1287 687 1420 743 aquis,
1444 695 1487 728 et
1509 687 1552 728 in
1574 686 1746 727 navium

219 743 429 794 fracturis,
454 752 496 785 et
517 743 797 800 infangethef,
821 754 865 785 et
886 744 995 785 infra
1011 745 1193 799 burgum
1225 755 1268 786 et
1291 756 1427 795 extra,
1452 755 1494 787 et
1514 746 1556 785 in
1587 759 1748 786 merca-

220 801 355 852 cione,
380 811 424 843 et
445 802 486 843 in
507 801 718 851 nundivis‚
742 811 786 843 et
817 802 859 843 in
893 801 1115 852 theloneis,
1140 803 1199 844 eis
1228 804 1471 845 libertatem
1492 811 1534 844 et
1556 803 1749 859 quietan-

220 859 328 901 ciam
367 860 427 901 eis
464 861 657 901 concedo
699 869 742 901 et
784 875 859 915 per
900 869 1058 901 cartam
1093 860 1153 902 eis
1184 862 1405 902 confirmo.
1468 861 1621 902 Testes
1649 870 1748 902 sunt

222 918 413 960 Thomas
438 918 792 973 Archiepiscopus
819 918 1115 968 Eboraeensis,
1146 919 1268 963 Rem.
1293 919 1529 975 Episcopus
1548 918 1745 960 Lincoln.

222 976 369 1018 Maur.
394 976 608 1026 Lundou.,
647 976 762 1017 Gun.
791 976 1005 1026 Roscens,
1040 977 1258 1019 Johannes
1281 977 1532 1032 Episcopus,
1567 986 1609 1018 et
1634 976 1748 1018 Wil-

218 1034 387 1076 lielmus
429 1044 472 1076 et
516 1034 732 1075 Henricus
776 1035 899 1075 Com.
941 1034 1038 1075 filiis
1085 1035 1228 1091 Regis,
1262 1045 1305 1076 et
1351 1035 1493 1076 Rodb.
1538 1036 1661 1076 Com.
1693 1034 1748 1075 de

223 1092 423 1142 Mellent‚
463 1104 505 1134 et
543 1093 684 1133 Alano
710 1093 881 1134 Comite
915 1092 1160 1142 Britanniae,
1201 1094 1391 1134 Roberto
1423 1093 1512 1134 filio
1538 1093 1681 1142 Ham.,
1706 1102 1750 1133 et

227 1151 381 1192 Odone
409 1150 631 1192 Baiocensi
657 1151 886 1206 Episcopo,
907 1161 948 1191 et
971 1150 1097 1191 Ursel
1116 1151 1168 1192 de
1190 1151 1414 1193 Habetoit.
1450 1152 1578 1207 Apud
1604 1151 1752 1192 West-

222 1220 541 1251 monasterium.

339 1460 400 1487 IX.
456 1458 600 1486 CARTA
645 1455 912 1482 WALTHEOFI
949 1453 1135 1481 COMITIS
1179 1453 1537 1480 NOR‘t'HL'MBRIAE
1575 1453 1632 1480 DE

710 1513 927 1541 ECCLESIA
951 1513 1007 1540 DE
1030 1511 1266 1538 TYNMOTH.

701 1593 747 1633 [Ι.
768 1592 795 1623 Ι.
814 1590 939 1623 Pontif.
957 1595 990 1621 et
1010 1590 1104 1621 Cart.
1122 1590 1148 1620 1.
1170 1588 1190 1620 f.
1211 1591 1281 1631 83]

281 1677 323 1710 -i-
358 1673 406 1714 In
454 1670 624 1712 nomine
675 1668 811 1709 Patris
858 1676 899 1708 et
946 1666 1041 1707 Filii
1084 1676 1125 1706 et
1175 1665 1354 1720 Spiritus
1397 1666 1556 1715 Sancti,
1595 1667 1747 1710 Amen.

226 1732 321 1786 Ego
367 1729 630 1770 Waltheofus
672 1741 811 1767 comes
853 1723 1187 1780 Northymbiiee,
1232 1723 1273 1763 in
1318 1723 1546 1777 praesencia
1592 1724 1751 1765 domini

227 1788 436 1831 Walcheri
478 1786 662 1842 episcopi
707 1795 747 1825 et
784 1784 917 1824 tocius
955 1793 1111 1823 sanctae
1154 1781 1305 1837 synodi
1337 1782 1615 1836 Episcopatus
1661 1783 1751 1823 Du-

221 1846 462 1895 nelmensis,
497 1843 748 1885 multociens
781 1842 973 1896 praedicti
1003 1840 1200 1895 Episcopi
1225 1840 1498 1880 exortacione
1522 1841 1748 1881 commoni·

225 1917 305 1953 tus„
340 1913 383 1945 et
415 1903 507 1944 zelo
530 1901 631 1942 fidei
655 1899 894 1940 christianae
917 1913 1158 1947 succensus,
1184 1897 1252 1946 do,
1277 1897 1466 1937 concedo
1489 1908 1530 1938 et
1552 1900 1752 1952 praesenti

225 1964 383 2017 scripto
420 1961 639 2008 confirmo,
679 1957 867 1998 Alduino
914 1956 1062 2004 Priori,
1099 1966 1142 1995 et
1178 1955 1377 1995 fratribus
1415 1971 1509 1995 cum
1549 1972 1600 1996 eo
1637 1957 1752 2012 apud

231 2022 379 2078 Gyrue
402 2019 443 2059 in
464 2018 548 2059 Dei
565 2015 742 2057 servicio
764 2014 1144 2071 conaggregandiS,
1168 2024 1253 2053 tam
1277 2013 1318 2053 iu
1342 2014 1541 2067 praesenti
1563 2029 1690 2070 quam
1712 2014 1753 2054 in

225 2088 444 2135 posterum
468 2075 703 2130 regularem
726 2073 854 2114 vitam
873 2072 1028 2113 ibidem
1048 2071 1304 2126 professuriS,
1326 2080 1366 2111 et
1385 2072 1462 2112 sub
1482 2073 1565 2113 Dei
1584 2082 1624 2113 et
1641 2072 1755 2114 beati

230 2134 460 2180 Cuthberti
482 2131 718 2190 patrocinio
741 2131 1022 2186 undecunque
1043 2140 1248 2170 terrarum
1268 2129 1321 2170 ad
1345 2128 1454 2183 ipsos
1472 2131 1751 2180 accersendis,

228 2197 269 2237 in
291 2208 439 2251 puram
463 2202 506 2233 et
527 2199 776 2247 perpetuam
799 2189 1085 2237 elemosinam,
1110 2187 1328 2228 ecclesiam
1355 2190 1522 2230 Sanctae
1542 2188 1695 2229 Mariae
1712 2189 1754 2228 in

232 2251 505 2301 Tinemuthe,
542 2265 627 2290 una
658 2263 753 2289 cum
788 2262 964 2301 corpore
989 2246 1132 2288 Sancti
1159 2245 1318 2287 Oswini
1342 2245 1470 2300 Regis
1493 2255 1536 2287 et
1559 2246 1752 2296 martiris,

232 2312 304 2369 qui
335 2312 377 2352 in
409 2310 559 2351 eadem
582 2306 759 2348 ecclesia
778 2305 1018 2361 requiescit,
1042 2319 1136 2345 cum
1161 2304 1355 2344 omnibus
1378 2304 1481 2345 locis
1503 2314 1546 2344 et
1569 2305 1689 2345 terris
1711 2313 1754 2345 et

231 2369 384 2412 ceteris
421 2367 742 2424 quibuscunque
775 2374 894 2405 recte
931 2363 985 2403 ad
1022 2378 1115 2403 eam
1152 2361 1472 2416 pertinentibUS,
1507 2362 1683 2403 liberam
1711 2371 1754 2403 et

230 2429 420 2485 quietam
453 2427 494 2466 in
529 2432 795 2479 perpetuum,
864 2421 934 2471 Et,
971 2436 1066 2461 cum
1088 2419 1336 2475 praescripta
1358 2420 1598 2470 elemosina,
1623 2421 1754 2461 offero

232 2500 411 2543 puerum
445 2484 585 2532 istum,
611 2481 865 2523 Morkarum
894 2479 1080 2528 nomine,
1105 2479 1181 2519 sub
1204 2479 1451 2519 monachica
1472 2478 1692 2532 disciplina
1714 2478 1755 2519 in

236 2545 319 2587 Dei
346 2541 524 2585 servicio
546 2539 865 2581 instituendum.
935 2537 990 2577 Et
1007 2536 1106 2592 quia
1122 2537 1240 2576 locus
1258 2536 1327 2577 ille
1345 2536 1481 2577 adhuc
1500 2536 1621 2576 nimis
1640 2536 1756 2577 vide.-

236 2613 305 2644 tur
326 2599 530 2655 religiosis
551 2598 748 2639 horridus
771 2605 813 2638 et
836 2596 1028 2644 incultus,
1053 2604 1096 2635 et
1118 2593 1311 2634 dominus
1329 2593 1548 2649 episcopus
1567 2593 1756 2635 Walche-

234 2676 305 2701 rus
328 2669 370 2702 et
392 2674 480 2708 nOS,
504 2665 546 2698 et
568 2655 699 2697 ceteri
721 2654 876 2711 quique
895 2653 1016 2708 probi
1039 2653 1161 2708 hujus
1182 2651 1447 2706 episcopatus
1471 2652 1562 2702 viri,
1587 2667 1757 2707 compe·
1806 2693 1807 2696 ,

238 2719 471 2760 tenciorem
501 2715 656 2770 quietis
689 2713 830 2754 sedem
858 2712 969 2752 circa
990 2721 1179 2751 sanctum
1201 2709 1317 2750 beati
1341 2710 1568 2751 Cuthberti
1589 2724 1754 2764 corpus,
1806 2734 1807 2754 ;

242 2776 340 2817 Deo
372 2782 599 2821 annuente,
633 2771 692 2811 eis
724 2784 964 2826 praeparare
987 2769 1294 2823 proposuimuS,
1318 2768 1604 2822 praescriptam
1627 2767 1759 2808 eccle-
1806 2794 1807 2799 ,

239 2834 357 2884 siam,
381 2847 475 2874 cum
498 2830 705 2879 omnibus,
729 2844 824 2884 quae
848 2827 975 2868 inodo
996 2827 1090 2868 Deo
1108 2835 1151 2867 et
1174 2826 1341 2867 Sanctae
1363 2825 1515 2867 Mariae
1537 2834 1579 2868 et
1604 2826 1758 2867 Sancto
