1807 2962
192 111 256 160 94
506 119 641 155 H1sT.
669 120 910 154 DUNELM.
939 115 1243 151 SCRIPTORES
1270 114 1423 150 TREss

306 438 402 468 CAP.
437 434 571 467 XXXV.
637 432 867 468 QUOMO‘DO
912 430 1009 461 IS'PE
1053 431 1281 462 RI‘CARDUS
1323 431 1372 460 IN
1416 426 1606 460 EPlsco-

739 493 855 521 PATU
887 492 936 520 SE
967 491 1157 523 HABUIT.

688 584 786 628 [MS.
813 584 898 628 Cap.
920 594 1079 617 cnxvnr.
1102 582 1125 615 f.
1149 583 1243 624 208.]

242 679 550 734 [consecratus
578 678 729 734 igitur]
764 677 972 719 Ricardus
998 680 1067 728 [et
1088 674 1389 731 intronizatus]
1407 688 1574 729 semper
1593 673 1721 716 fami-⁷

185 739 345 781 liariter
378 753 478 793 erga
509 737 737 779 monachos
773 751 818 777 se
854 735 1018 785 habuit,
1045 735 1167 776 laetus
1201 734 1255 775 de
1289 747 1435 774 eorum
1468 732 1710 787 praesentia,

186 807 271 839 tres
294 797 361 839 vel
391 804 575 853 quatuor
606 794 807 837 continue
827 808 970 835 secum
995 802 1142 834 tenens
1158 807 1169 841 ;
1200 806 1382 848 quorum
1409 804 1516 831 unus
1549 791 1714 832 cancel-

185 856 329 906 larius,
362 865 405 898 et
430 855 537 896 alter
569 852 867 903 seneschallus,
901 852 955 893 de
996 851 1191 893 omnibus
1228 847 1424 905 expensis
1457 856 1498 890 et
1530 848 1712 904 receptis

191 915 352 972 [quasi]
388 912 646 968 superiorem
679 924 823 953 curam
857 924 1021 965 gerens,
1045 917 1089 951 et
1120 907 1270 949 tertius
1301 906 1518 948 confessor
1548 907 1638 962 ejus
1670 916 1713 948 et

185 972 426 1013 ministrans
458 970 496 1011 ei
528 970 570 1011 in
601 969 741 1011 officio
771 968 917 1009 divino
948 976 1052 1009 erat.
1115 965 1277 1008 Milites
1309 965 1362 1006 de
1393 965 1642 1019 episcopatu
1669 974 1714 1007 et

187 1039 403 1071 servantes
435 1028 554 1085 quasi
586 1043 733 1069 omnes
770 1027 825 1068 ad
859 1026 983 1067 robas
1016 1040 1111 1066 suas
1146 1024 1298 1065 tenuit.
1361 1023 1636 1078 Ranulphum
1659 1023 1712 1064 de

186 1088 313 1129 Nova
333 1087 447 1128 Villa
477 1102 555 1142 pro
580 1086 742 1127 incestu
765 1099 860 1125 cum
883 1084 973 1125 filia
992 1082 1164 1138 propria
1184 1082 1239 1122 ad
1259 1081 1552 1136 poenitentiam
1575 1081 1713 1136 publi-

186 1161 280 1188 cam
320 1145 474 1199 coegit.
568 1143 828 1186 Schavaldos
865 1142 1131 1195 insurgentes
1173 1141 1217 1180 in
1259 1139 1504 1194 episcopatu
1546 1139 1713 1180 fortiter

186 1203 479 1258 compescuit;
526 1201 654 1257 aliqui
686 1199 1067 1251 suspendebantur,
1101 1197 1231 1254 aliqui
1261 1206 1385 1239 extra
1419 1196 1713 1252 episcopatum

186 1262 456 1316 fugabantur.
535 1259 681 1314 Hujus
712 1257 981 1313 episcopatus
1017 1272 1132 1298 anno
1172 1254 1358 1298 secundo
1394 1255 1614 1296 combusta
1649 1265 1714 1297 est

188 1319 450 1361 Dunelmum
479 1332 553 1372 per
576 1318 758 1366 ScottOS,
782 1326 825 1357 et
850 1330 1008 1372 magnav
1024 1330 1121 1371 par-s
1143 1313 1407 1369 episcopatus
1428 1314 1649 1354 combusta
1669 1322 1712 1355 et

185 1377 447 1433 depraedata,
485 1375 697 1430 Episcopo
729 1383 831 1416 tunc
861 1374 1072 1415 existente
1105 1372 1344 1414 Londoniae
1372 1371 1427 1412 ad
1450 1371 1714 1412 Parliamen-

186 1445 277 1477 tum
302 1434 448 1491 Regis.
516 1434 614 1481 Qua
635 1433 932 1475 combustione
953 1431 1079 1481 facta,
1103 1430 1288 1472 inierunt
1308 1429 1368 1470 illi
1389 1429 1442 1470 de
1464 1428 1714 1484 episcopatur

186 1504 355 1548 treugas
377 1507 474 1533 cum
489 1491 643 1542 Scotis,
662 1491 771 1532 datis
785 1490 899 1532 mille
915 1489 1066 1531 marcis
1082 1493 1236 1544 [usque
1253 1488 1306 1529 ad
1324 1495 1487 1529 certum
1504 1487 1712 1544 tempus]-

189 1552 338 1593 Tertio
359 1551 627 1605 episcopatus
658 1548 721 1590 sui
753 1563 864 1590 anno
895 1556 1035 1589 motus
1066 1555 1128 1590 est
1160 1547 1308 1601 [Rex]
1326 1553 1477 1587 contra
1497 1560 1627 1594 eum,
1658 1561 1710 1586 eo

185 1610 301 1666 quod
318 1610 552 1664 Episcopus
566 1623 654 1649 non
671 1609 729 1649 ita
745 1606 913 1648 fortiter
930 1605 1039 1660 Regi
1060 1604 1193 1646 astitit
1207 1604 1261 1645 ad
1278 1604 1514 1647 fovendum
1535 1603 1712 1645 Petrum

188 1669 243 1709 de
281 1668 524 1709 Gaverston
566 1674 716 1707 contra
752 1665 1101 1706 communitatem
1138 1662 1272 1718 regni,
1306 1662 1416 1703 sicut
1441 1662 1540 1703 Rex
1561 1662 1710 1703 voluit.

188 1725 451 1778 [Videbatur
486 1724 600 1766 enim
641 1723 764 1778 Regi,
802 1722 919 1779 quod
956 1721 1192 1777 Episcopus
1225 1720 1373 1762 debuit
1406 1720 1484 1761 sibi
1505 1719 1645 1761 favere
1667 1719 1710 1760 in

188 1784 396 1834 omnibus,
429 1791 473 1825 et
503 1796 601 1824 cum
632 1781 731 1823 totis
761 1781 932 1830 viribus,
956 1789 1130 1836 propter
1150 1778 1330 1836 gratiam
1346 1792 1559 1833 magnam,
1583 1792 1710 1834 quam

187 1842 226 1885 ei
254 1842 412 1884 fecerat
433 1842 474 1882 in
496 1840 686 1882 novitate
708 1854 795 1882 sua.
861 1838 1120 1880 Movebatur
1150 1836 1277 1878 etiam
1304 1836 1544 1892 Episcopus
1565 1852 1588 1878 e
1609 1851 1711 1877 con-

186 1908 252 1942 tra
288 1914 345 1941 ex
380 1897 650 1947 conscientia,
685 1909 727 1938 et
760 1897 858 1952 quia
888 1910 1018 1953 grave
1038 1903 1128 1936 erat
1149 1895 1185 1936 ei
1209 1894 1500 1936 communitati
1521 1894 1711 1937 obviare.

189 1957 452 1999 Movebatur
490 1956 587 1997 Rex
623 1970 679 1996 ex
714 1954 797 1996 alia
832 1968 971 1997 causa.
1040 1951 1240 2002 Quidam,
1270 1951 1402 2003 enim,
1419 1953 1491 2009 qui
1511 1953 1711 2008 portabat

187 2016 312 2057 robas
345 2014 560 2070 Episcopi,
594 2021 638 2054 et
658 2020 750 2054 erat
772 2011 814 2053 in
836 2010 1071 2053 munitione
1094 2011 1220 2052 castri
1241 2011 1296 2052 de
1321 2010 1529 2062 Norbam,
1553 2011 1711 2052 occidit

188 2073 403 2130 quendam
438 2071 713 2113 schavaldum
754 2070 822 2111 vel
866 2069 1128 2125 praedonem,
1166 2069 1410 2111 Johannem
1444 2070 1502 2111 de
1542 2069 1714 2111 Wardal-

188 2132 374 2182 nomine,
405 2130 479 2171 sed
519 2129 626 2183 Regi
660 2127 924 2178 familiarem,
958 2128 1000 2168 in
1022 2127 1167 2169 Insula
1190 2128 1333 2178 Sacra,
1357 2136 1401 2169 et
1427 2128 1522 2169 Rex
1543 2128 1711 2183 culpam

191 2190 407 2245 Episcopo
440 2188 654 2242 imposuit,
689 2201 878 2228 asserens
911 2186 991 2227 hoc
1025 2201 1079 2227 ex
1110 2194 1326 2241 praecepto
1350 2186 1414 2227 vel
1435 2186 1614 2227 sciencia
1635 2201 1712 2227 sua

187 2249 385 2297 factum]
448 2246 677 2287 Nitebatur
708 2259 811 2299 ergo
847 2244 944 2285 Rex
977 2244 1205 2285 transferre
1230 2243 1502 2298 Episcopum,
1525 2243 1711 2285 scribens

187 2321 314 2361 super
352 2305 433 2346 hoc
474 2304 529 2345 ad
572 2304 745 2345 Curiam
789 2303 1053 2351 Romanam3
1104 2302 1319 2343 nitebatur
1359 2302 1492 2343 eciam
1537 2302 1710 2344 fratrem

188 2363 392 2420 Episcopi
409 2363 682 2412 incarcerare,
706 2368 748 2402 et
770 2360 812 2401 in
833 2360 1059 2402 vindictam
1084 2360 1302 2415 [alterius]
1319 2359 1445 2401 occisi
1467 2360 1509 2401 in
1530 2368 1711 2402 mortem

187 2423 379 2471 tradere3
411 2421 485 2462 sed
517 2420 561 2462 in
595 2429 747 2460 neutro
779 2418 976 2474 profecit.
1037 2418 1247 2468 Tandem,
1270 2427 1400 2460 eunte
1426 2418 1547 2473 Rege
1568 2432 1718 2460 versus

192 2481 519 2529 Bannocburne,
573 2476 909 2530 [re]conciliatus
961 2485 1025 2518 est
1074 2476 1112 2518 ei
1154 2475 1404 2533 Episcopus,
1448 2476 1556 2517 datis
1597 2476 1712 2517 mille

189 2538 338 2580 marcis
370 2546 413 2579 et
445 2552 532 2578 uno
562 2535 781 2577 dextrario
811 2550 896 2575 non
926 2534 1149 2577 mediocris
1170 2534 1327 2589 precii3
1359 2549 1485 2589 super
1500 2549 1585 2590 quo
1606 2534 1713 2575 dex-

189 2596 318 2638 trario
351 2595 512 2637 occisus
546 2603 609 2636 est
644 2595 799 2636 Comes
825 2592 1069 2635 Gloverniae
1092 2592 1134 2633 in
1166 2592 1279 2634 bello
1301 2593 1354 2634 de
1383 2593 1710 2642 Bannocburnc,

190 2654 254 2706 [in
290 2653 534 2702 vindictam,
571 2660 618 2692 ut
653 2651 853 2700 creditur,
878 2651 976 2692 mali
1009 2649 1218 2693 commissi
1248 2659 1398 2691 contra
1437 2650 1713 2706 Episcopum,

195 2713 299 2753 Erat
329 2711 440 2753 enim
464 2711 620 2752 Comes
650 2709 719 2751 ille
746 2708 874 2763 Regis
896 2708 1090 2758 sororius,
1114 2717 1155 2749 et
1177 2709 1285 2750 inter
1304 2708 1564 2749 adversarios
1589 2708 1712 2763 Epis-

191 2768 287 2825 copi
308 2784 394 2811 non
417 2768 602 2810 ultimus.
669 2767 784 2815 Quid
799 2766 984 2823 justius?
1047 2767 1210 2809 Contra
1234 2766 1491 2822 Episcopum
1517 2765 1710 2822 deliquit,
