1807 2962
494 64 771 97 APPENDIX.
800 64 921 95 ANN.
952 65 1218 99 MLxxxin.
1559 58 1622 103 vij?

214 172 394 228 Signum
423 170 631 212 Rodberti
655 183 695 217 -4-
717 172 771 212 de
797 171 950 214 Monte
978 173 1109 215 Forti.

206 230 387 286 Signum
412 228 611 271 Mauricii
635 233 677 270 -Ξ-
699 229 918 284 capellani.

212 289 388 342 Signum
415 286 608 329 Herfasti
627 297 667 329 -Ξ-
689 288 889 343 episcopi.

201 345 383 400 Signum
408 345 598 387 Gosfridi
621 345 807 401 episcopi
832 346 1177 388 constanciensis
1204 356 1255 389 «Ξ.

208 404 387 460 Signum
412 410 454 440 ÷
481 403 658 445 Siwardi
680 404 799 445 barn.

205 460 384 515 Signum
409 461 536 503 Alani
560 467 600 499 -Ξ-
621 463 674 503 de
699 462 923 505 Lincollia.

205 519 383 573 Signum
407 537 449 573 4.
472 520 636 561 Turald
658 521 712 561 de
737 520 969 575 Papeleon.

204 577 384 633 Signum
407 589 445 627 ÷
474 577 686 619 Willielmi
707 577 926 632 capellani.

207 634 383 689 Signum
408 647 450 672 -Ξ-
472 635 684 677 Rodberti
706 635 929 691 capellani„

203 692 381 747 Signum
409 693 570 750 Rogeri
598 694 752 750 Bigod.

202 752 382 807 Signum
406 764 446 797 -Ξ-
472 751 634 806 Rogeri
656 752 710 793 de
738 751 883 794 Somb.

204 809 380 862 Signum
405 816 446 847 -ἰ-
470 809 681 852 Rodberti
702 809 1017 864 dispensatoris.

202 867 382 922 Signum
405 885 445 913 -i-
471 867 678 910 Hamonis
697 867 909 923 Thesbyri
932 869 1041 908 com’
1063 867 1257 923 dapiferi⁶

203 1210 270 1239 111.
306 1209 461 1236 BULLA
501 1210 726 1237 GREGORII
761 1210 889 1237 PAPAE
920 1210 996 1237 VII.
1034 1210 1399 1238 UNIVERSALIBUS
1435 1212 1491 1238 DE

200 1268 577 1295 POSSESSIONIBUS
611 1269 666 1295 ET
700 1268 1039 1295 LIBERTATIBUS
1073 1267 1307 1296 CONCESSIS
1332 1269 1497 1296 ECCLE—

203 1326 283 1353 81AE
307 1325 625 1353 DUNELMENSI·

721 1403 834 1445 [Cart.
853 1403 882 1435 Ι.
900 1401 923 1435 f.
945 1405 957 1434 l
976 1405 989 1445 ]

147 1497 381 1551 Gregorius
418 1497 668 1552 Episcopus,
693 1513 837 1538 servus
870 1512 1086 1539 servorum
1114 1497 1211 1549 Dei,
1236 1498 1393 1540 dilecto
1425 1507 1468 1541 et
1490 1515 1616 1543 vene-

83 1556 205 1598 rabili
236 1554 356 1596 fratri
394 1555 640 1596 Guillielmo
676 1556 955 1597 Dunelmensi
984 1555 1199 1611 episcopo,
1234 1564 1277 1598 et
1305 1557 1500 1598 omnibus
1522 1573 1616 1599 suc-2

83 1614 320 1655 cessoribus
342 1612 439 1662 suis,
463 1622 504 1654 et
527 1613 726 1654 universis
748 1623 906 1655 sanctae
929 1613 1073 1655 matris
1092 1614 1282 1655 ecclesiae
1305 1615 1414 1665 filii-s,
1434 1616 1617 1658 salutem

85 1682 128 1713 et
159 1671 434 1726 apostolicam
465 1671 828 1712 benediccionem.
896 1672 1174 1713 §acrosancta
1202 1672 1396 1714 Romana
1418 1674 1612 1725 ecclesia,

83 1729 167 1779 cui,
202 1728 407 1783 largiente
443 1728 644 1778 Domino,
669 1729 958 1784 praesidemuS,
983 1730 1197 1786 ieligionis
1236 1738 1334 1771 vota
1354 1731 1426 1786 pia
1447 1747 1614 1787 semper

82 1786 430 1829 consideracione
447 1801 522 1827 suo
544 1786 586 1827 in
608 1787 771 1841 giemio
788 1803 840 1828 eo
856 1787 1058 1829 devocius
1075 1788 1276 1829 confovei
1279 1803 1315 1838 e,
1334 1798 1375 1829 et
1394 1789 1448 1830 ad
1466 1790 1618 1831 vilium

85 1860 254 1887 suarum
290 1859 421 1900 usque
443 1845 751 1909 plenitudinem
774 1845 957 1899 gravimi
980 1845 1246 1886 solicitudine
1270 1846 1420 1887 nititui
1443 1862 1615 1902 promo-

85 1918 197 1968 vere,
222 1918 306 1958 quo
328 1903 544 1958 praecipue
565 1902 730 1956 Regum
753 1903 851 1944 inde
869 1903 1173 1944 catholicorum
1189 1904 1308 1958 justa
1323 1913 1362 1946 et
1381 1906 1616 1947 ieveienda

82 1960 296 2017 peticione
329 1961 507 2015 pulsata,
541 1975 688 2001 eorum
720 1971 933 2016 potestate
954 1971 997 2002 et
1019 1961 1221 2002 diffusiori
1244 1962 1557 2014 munificencia,
1581 1965 1617 2005 si

83 2018 277 2060 exaudiri
299 2028 528 2068 merentur,
551 2020 635 2059 suis
658 2020 697 2059 in
721 2019 920 2060 membris
943 2034 994 2060 ea
1015 2019 1222 2074 conspicit
1244 2020 1471 2075 plurimum
1491 2036 1614 2076 posse

85 2076 266 2121 dilatari.
323 2076 502 2117 Illustris
523 2077 668 2132 itaque
690 2078 801 2131 regis
826 2077 1065 2132 Anglorum
1093 2077 1352 2128 Gwillielssmi,
1372 2079 1518 2120 dilecti
1536 2080 1613 2121 filii

83 2135 230 2184 nostri,
264 2149 316 2175 ex
353 2134 484 2175 literis
517 2134 639 2175 nobis
675 2136 729 2176 ab
762 2150 814 2176 eo
836 2135 1006 2176 directis
1028 2135 1307 2176 devocionem
1330 2137 1612 2189 attendentes,

83 2192 192 2233 sicut
214 2192 250 2233 ei
272 2207 348 2247 per
369 2192 602 2247 apostolica
624 2193 780 2248 scripta
801 2193 1106 2242 mandavimus,
1130 2193 1292 2247 gracias
1315 2194 1476 2248 agimus
1502 2195 1612 2245 Deo,

85 2265 160 2304 per
200 2265 325 2305 quem
368 2250 505 2304 Reges
541 2261 735 2304 regnant,
776 2251 905 2307 quod,
945 2250 1052 2291 sicut
1089 2250 1129 2290 in
1169 2266 1301 2305 regno
1339 2252 1613 2307 adipiscendo

88 2307 300 2348 Dominus
327 2322 423 2347 eum
447 2309 635 2349 victoriae
656 2308 756 2349 fecit
777 2309 870 2349 luce
891 2308 1118 2372 refulgere,
1140 2308 1200 2349 vita
1220 2308 1401 2349 inimicis
1422 2310 1614 2354 ecclesiae

82 2365 202 2420 regni
226 2364 341 2404 omni
363 2364 586 2406 vivacitate
609 2366 760 2406 mentis
782 2375 825 2406 et
846 2367 1036 2430 coipmis
1054 2365 1154 2406 facit
1176 2367 1324 2406 obviai
1326 2382 1361 2416 e,
1386 2375 1429 2407 et
1447 2367 1616 2408 domes-

86 2421 171 2462 tico
188 2421 413 2462 sanctuaiii
430 2422 604 2463 Domini
618 2438 692 2464 sua
708 2423 979 2477 proteccione
997 2422 1160 2463 munire
1183 2422 1299 2480 [sic]
1367 2424 1484 2465 Sicut
1500 2425 1614 2466 enim

84 2478 277 2520 nunciati
306 2478 424 2519 nobis
447 2479 642 2520 facino-iis
665 2480 856 2545 qualitas
867 2489 909 2521 et
928 2495 1057 2521 causa
1078 2480 1249 2533 exigeie
1272 2481 1484 2531 videntur,
1508 2483 1617 2524 sacri

83 2536 245 2577 ordinis
276 2545 318 2577 et
349 2545 508 2577 sanctae
539 2537 729 2578 ecclesiae
759 2537 1009 2578 saevissimos
1031 2538 1271 2588 violatores,
1295 2538 1365 2594 qui
1388 2539 1616 2594 specialem

85 2594 218 2635 filium
249 2607 407 2634 sanctae
443 2594 651 2635 Romanae
684 2595 873 2637 ecclesiae
903 2595 1246 2650 predecessorem
1276 2604 1396 2637 tuum
1425 2597 1616 2640 Walche-

84 2666 178 2693 rum
209 2651 452 2707 episcopum
484 2652 803 2704 interfecerunt,
827 2653 1015 2695 dictante
1037 2653 1347 2708 regni-justicia
1369 2669 1453 2695 non
1475 2656 1614 2697 solum.
