1807 2962
175 102 271 150 1¹16
491 112 630 147 fflsr.
657 111 894 145 DUNELMA.
924 107 1231 152 scmPTOREs
1256 109 1395 143 TREs.

123 271 125 273 ,
175 225 317 283 quoad
346 223 541 280 primurn,
574 221 691 278 quod
721 234 808 261 non
837 217 977 274 potuit
1008 217 1121 260 fama
1144 216 1304 259 Prioris
1325 224 1369 259 et
1390 218 1595 262 Johannis
1626 220 1706 261 sal-

180 284 283 334 vari,
321 282 381 324 ita
413 281 702 322 defamaverat
738 291 836 319 eum
854 291 866 325 3
899 285 942 317 et
973 276 1269 318 rationabilius
1305 285 1417 319 esset
1444 277 1560 333 quod
1595 277 1710 319 fama

178 341 385 385 ,Iohannis
422 339 477 380 de
508 337 698 392 Creping
730 333 981 391 denigretur
1013 333 1249 375 secundum
1285 348 1409 376 suum
1437 335 1706 387 demeritum,

179 414 306 457 quam
344 397 504 440 Priorizs
544 395 634 437 sine
675 391 910 434 demerito:
955 391 1098 447 quoad
1130 391 1375 444 secundum,
1418 393 1534 449 quod
1573 393 1710 435 multo

181 457 352 513 gravius
374 454 570 511 peccavit
599 453 676 493 iste
707 465 833 507 quam
855 448 1003 506 aliquis
1025 457 1219 505 apostata
1239 449 1344 491 alius
1365 465 1391 492 a
1410 450 1554 493 multis
1576 451 1710 503 annis,

180 526 224 557 et
257 514 325 556 vel
364 520 583 568 oporteret
617 510 754 565 ipsum
786 507 936 549 sedere
968 507 1024 549 ad
1056 515 1237 563 portam,
1260 508 1329 549 vel
1360 508 1534 550 omnino
1565 517 1714 552 contra

181 573 374 628 regulam
404 570 521 612 illam
551 568 695 610 delere
726 565 1038 621 poenitenciam,
1061 564 1161 622 quia
1189 564 1232 606 in
1253 564 1459 620 religione
1479 581 1566 608 non
1586 567 1715 609 debet

183 647 275 673 esse
315 627 507 683 accepti-o
540 639 832 682 personarum.
895 623 1106 674 Tandem,
1141 623 1196 664 ad
1229 636 1428 680 magnam
1463 625 1716 667 instanciam

185 688 402 744 Episcopi,
426 698 671 727 concessum
692 691 768 732 est,
784 681 913 738 quod,
937 681 1079 738 quoad
1096 681 1246 723 sedere
1264 682 1318 723 ad
1340 689 1522 738 portam,
1546 682 1717 725 differe-

186 758 255 789 tur
277 760 409 801 usque
432 743 487 785 ad
511 741 757 797 Capitulum
778 740 1006 797 generale3
1035 739 1090 781 ad
1110 740 1230 795 cujus
1252 740 1473 782 arbitrium
1494 741 1718 796 praefatam

185 804 346 846 subiret
376 800 691 857 poenitenciam,
715 806 817 839 tunc
846 797 1061 839 rediturus
1090 797 1147 839 ad
1167 805 1363 853 portam3
1396 799 1464 840 vel
1483 799 1720 841 remittere-

187 872 260 904 tur
288 862 326 903 ei
358 861 414 902 ad
446 858 650 914 Episcopi
682 855 945 897 instanciam.
1008 856 1060 897 In
1093 855 1323 911 praesentia
1349 856 1479 912 igitur
1502 856 1718 912 Episcopi,

188 921 232 962 in
254 918 443 975 capitulo
464 913 759 964 Dunelmensi,
782 914 910 969 pleno
931 921 1032 955 tunc
1053 913 1214 954 clericis
1245 922 1289 954 et
1308 913 1438 965 laicis,
1460 914 1722 956 renunciavit

188 977 406 1034 processui
428 990 519 1025 suo,
542 973 751 1015 confitens
773 987 816 1013 se
834 971 1004 1026 publice
1034 985 1177 1012 coram
1206 972 1406 1013 omnibus
1427 981 1578 1014 contra
1602 972 1723 1013 Prio-

191 1051 284 1078 rem
316 1048 491 1083 errasse,
524 1047 602 1074 nec
643 1046 687 1072 se
722 1030 904 1085 probare
932 1044 1057 1084 posse
1102 1043 1198 1084 quae
1235 1028 1275 1070 ei
1307 1030 1419 1071 mala
1439 1029 1722 1085 imposueram

192 1104 236 1136 et
271 1093 330 1135 sic
362 1090 613 1133 submittens
643 1104 687 1129 se
717 1087 866 1144 gratiae
891 1087 1052 1129 Prioris
1082 1094 1126 1128 et
1156 1095 1403 1138 conventus,
1427 1096 1471 1129 et
1492 1088 1726 1130 absolutio-

193 1167 293 1193 nem
328 1148 548 1191 humiliter
581 1145 860 1202 expostulans
894 1157 919 1185 a
941 1144 1106 1194 Priore,
1139 1139 1358 1186 absolutus
1395 1145 1634 1188 admittitur
1669 1145 1726 1188 ad

194 1209 383 1251 osculum
421 1208 563 1261 pacis:
598 1213 641 1247 et
676 1202 776 1259 quia
806 1210 984 1258 propter
1016 1210 1281 1258 quartanam,
1304 1217 1431 1259 quam
1458 1204 1623 1255 habuit,
1646 1218 1726 1260 pro

195 1277 294 1310 tunc
311 1263 603 1321 poenitentiam
634 1261 776 1303 subire
807 1275 895 1301 non
926 1261 1078 1316 potuit,
1101 1260 1144 1301 in
1166 1260 1436 1303 infirmitorio
1456 1263 1622 1318 positus
1643 1270 1725 1313 est,

194 1324 448 1366 servientem
484 1321 644 1362 habens
680 1318 760 1360 sibi
796 1318 1049 1373 deputatum
1091 1326 1134 1359 et
1173 1318 1400 1361 medicum.
1466 1319 1585 1361 Nulli
1623 1334 1727 1362 vero

194 1384 374 1425 fratrum
411 1379 662 1436 permissum
698 1386 763 1418 est
794 1376 912 1432 loqui
943 1376 1023 1417 sibi
1053 1375 1141 1417 sine
1166 1375 1323 1418 Prioris
1344 1377 1517 1419 licentia
1537 1377 1726 1433 speciali.

198 1441 270 1483 S'rc
305 1439 434 1494 igitur
466 1436 703 1492 languebat·
732 1434 789 1475 de
818 1442 1026 1490 quartana
1054 1449 1187 1490 usque
1209 1434 1468 1477 dominicam
1489 1435 1531 1477 in
1554 1435 1727 1486 Palmis‚

196 1515 283 1555 quo
315 1497 384 1538 die
407 1495 594 1551 sepultus
616 1501 695 1543 est,
718 1505 815 1534 vere
836 1493 953 1547 prins
975 1491 1186 1547 poenitens
1217 1500 1261 1533 et
1277 1492 1510 1535 confessus.
1574 1493 1731 1535 Evenit

198 1556 264 1598 isti
281 1558 407 1612 juxta
429 1553 608 1594 visiones
630 1551 684 1592 de
706 1565 759 1592 eo
779 1548 944 1591 habitas
960 1562 976 1598 ;’
1002 1564 1099 1591 nam
1121 1548 1289 1591 cuidam
1311 1551 1520 1593 sacerdoti
1540 1551 1737 1593 saeculari

196 1615 390 1656 honestae
409 1611 508 1652 vitae
525 1609 764 1658 videbatur,
782 1622 877 1649 cum
894 1607 1113 1649 Johannes
1130 1616 1301 1662 pararet
1318 1622 1362 1649 se
1380 1620 1523 1651 versus
1543 1609 1731 1659 Curiam,

199 1671 315 1729 quod
346 1669 549 1711 reductus
571 1679 659 1710 erat
680 1665 897 1709 Johannes
918 1665 971 1707 de
996 1665 1138 1716 Curia,
1161 1665 1281 1722 quasi
1297 1675 1504 1718 mortuuS,
1529 1675 1573 1709 et
1593 1666 1735 1722 capud

200 1731 291 1786 ejus
314 1743 456 1770 rasum
478 1734 583 1776 erat,
607 1724 717 1767 sicut
747 1724 961 1766 fatuorum
998 1722 1137 1778 capita
1170 1723 1264 1765 radi
1294 1723 1443 1768 solent.
1509 1725 1616 1766 Post
1635 1739 1737 1780 pro-

201 1788 425 1829 fectionem
455 1787 547 1841 ejus
577 1783 633 1825 ad
656 1783 829 1824 Curiam
864 1781 1090 1823 videbatur
1112 1780 1281 1822 cuidam
1303 1781 1514 1824 monacho
1534 1783 1651 1839 quod
1671 1796 1738 1824 re-

201 1846 346 1894 disset,
378 1852 421 1885 et
451 1843 504 1884 ad
535 1840 719 1882 hostium
750 1839 939 1881 ecclesiae
971 1847 1111 1888 staret,
1134 1838 1332 1880 letaniam
1354 1840 1561 1890 canendo,
1584 1842 1739 1883 Sancta

205 1905 371 1951 Maria,
389 1915 465 1942 ora
481 1913 560 1952 pro
579 1912 653 1947 me,
676 1906 719 1939 et
738 1897 796 1937 sic
818 1896 873 1938 de
892 1895 982 1937 aliis
1002 1895 1181 1939 Sanctis.
1226 1894 1362 1945 Quasi
1382 1905 1575 1939 mortuus
1597 1897 1742 1947 rediit,

206 1961 306 2017 quia
336 1957 627 1999 infirmitatem
660 1955 714 1995 de
749 1969 834 2010 qua
864 1961 1056 1994 mortuus
1088 1965 1150 1994 cst
1181 1968 1324 1994 secum
1346 1954 1442 1995 tulit
1459 1970 1474 1996 zv
1492 1955 1632 2011 capud
1650 1956 1740 2011 ejus

206 2018 438 2060 radebatur
460 2024 506 2056 ut
529 2012 651 2062 fatui,
674 2011 774 2068 quia
796 2011 856 2051 illi
879 2010 1134 2066 reputabant
1155 2026 1253 2052 eum
1274 2011 1500 2066 providum
1523 2022 1568 2054 et
1583 2013 1739 2054 discre-

209 2086 312 2125 tum,
337 2082 440 2115 tunc
461 2086 559 2114 eum
576 2078 963 2126 praesumptuosum
981 2077 1023 2110 et
1044 2068 1205 2110 fatuum
1220 2070 1477 2124 reputabant
1494 2085 1505 2119 3
1536 2070 1742 2111 letaniam

209 2133 422 2181 cantabat,
461 2130 562 2186 quia
598 2127 855 2182 Episcopum
890 2135 932 2167 et
968 2126 1072 2167 alios
1105 2141 1182 2180 pro
1218 2141 1262 2168 se
1296 2142 1419 2168 orare
1459 2128 1741 2183 supplicabat.

214 2193 303 2233 Ista
323 2188 485 2244 scripsi,
509 2202 594 2227 non
617 2194 662 2226 ut
684 2185 888 2226 memoria
908 2186 997 2240 ejus
1028 2183 1081 2225 sit
1109 2183 1151 2224 in
1182 2185 1415 2239 obprobrio
1446 2186 1512 2227 vel
1545 2185 1745 2227 maledic-

211 2250 343 2299 tione,
367 2261 492 2303 quem
514 2245 614 2293 scio,
637 2251 845 2299 quantum
868 2242 997 2283 homo
1017 2249 1162 2296 potest
1182 2241 1301 2292 scire,
1320 2251 1463 2284 sancte
1485 2251 1528 2284 et
1549 2243 1746 2297 religiose

213 2308 365 2355 obisse,
390 2304 464 2345 sed
501 2302 556 2344 ad
589 2300 796 2342 cautelam
818 2310 862 2341 et
884 2299 1231 2340 informacionem
1255 2307 1548 2353 poster0rum3
1577 2301 1611 2341 si
1633 2300 1746 2342 enim

216 2365 340 2408 Prior
357 2360 597 2404 inconsulte
615 2359 739 2400 talem
754 2357 966 2399 licentiam
984 2371 1068 2398 non
1084 2356 1284 2407 dedisset,
1302 2358 1549 2399 insolencias
1566 2366 1609 2399 et
1623 2372 1748 2399 ausus

216 2424 307 2478 ejus
329 2420 572 2463 temerarios
595 2416 873 2465 refraenasset,
896 2417 955 2457 ita
975 2414 1090 2470 quod
1112 2414 1353 2456 absolutum
1369 2416 1423 2457 ab
1440 2416 1593 2466 officio,
1612 2416 1750 2457 farnu-

215 2482 280 2522 los
302 2489 345 2522 et
365 2493 496 2535 equos
518 2475 712 2524 retinere,
732 2474 856 2515 robas
879 2473 1088 2523 conferre,
1108 2481 1151 2515 et
1168 2472 1240 2513 ubi
1259 2473 1384 2514 vellet
1406 2473 1642 2515 discurrere
1663 2487 1751 2514 non

220 2539 399 2586 sivisset,
423 2537 481 2576 sic
503 2535 558 2575 ad
582 2534 757 2575 Curiam
779 2546 865 2572 non
888 2530 1120 2572 transisset.
1173 2530 1351 2572 Discant
1372 2531 1498 2573 etiam
1515 2531 1599 2582 alii,
1618 2545 1751 2587 quan-

224 2607 484 2650 tumcunque
521 2590 671 2646 graciis
708 2589 839 2645 gratis
876 2589 988 2630 datis
1024 2589 1174 2638 dotati,
1210 2603 1293 2629 non
1330 2598 1504 2644 propter
1532 2589 1614 2631 hoc
1644 2603 1753 2644 prae-

224 2668 406 2702 sumere,
449 2650 522 2691 sed
565 2648 696 2704 magis
737 2648 898 2688 timere.
995 2645 1085 2687 Nisi
1126 2645 1236 2687 enim
1286 2646 1362 2688 iste
1403 2647 1753 2702 praesumpsisset,

226 2711 460 2753 nullatcnus
496 2708 549 2749 sic
585 2715 774 2748 errassete
842 2704 1018 2746 Discant
1052 2704 1177 2746 etiam
1200 2704 1270 2745 alii
1303 2719 1387 2746 non
1410 2706 1628 2749 attendere
1651 2703 1754 2762 quid
