1807 2962
488 159 760 192 APPENDIX.
801 158 920 190 ANN.
950 158 1193 189 mccexm,
1501 142 1605 189 clxv

191 476 338 507 CXLVI.
382 477 598 505 LICENCIA
632 477 838 504 WALTERl
875 475 1082 503 EPISCOPI
1116 475 1172 502 AD
1207 474 1485 501 E‘LIGENDUM

189 535 401 562 PRIOREM
434 535 530 562 CUM
555 535 832 563 ADMISSIONE
858 533 1087 561 CESSIONIS
1110 533 1295 560 PRIORIS
1319 532 1488 560 PRECE-

190 593 370 623 DENTIS.

375 685 491 728 [Cart.
510 685 585 718 111.
605 685 629 717 f.
646 687 722 723 296,
741 686 771 718 b.
789 690 825 719 et
843 686 935 728 Orig.
954 688 984 717 2.
1002 687 1023 717 6
1041 684 1168 718 Pontif.
1188 685 1221 717 P.
1245 685 1290 725 L}

131 780 339 823 Walterus
369 779 642 836 permissione
666 779 827 821 Divina
849 778 1153 820 Dunolmensis
1184 779 1406 835 episcopus
1438 779 1602 821 dilectis

69 839 163 881 filiis
188 839 403 894 Suppriori
428 848 470 880 et
491 837 693 892 Capitulo
715 837 905 879 ecclesiae
919 849 1076 877 nostrae
1096 837 1400 878 Dunolmensis
1420 838 1600 879 salutem

67 898 255 952 graciam
291 905 335 938 et
370 895 736 938 benediccionem.
800 895 1065 936 Accedentes
1096 910 1235 951 nuper
1266 896 1317 936 ad
1341 897 1472 937 nostri
1495 911 1604 951 prae·

69 955 252 997 senciam
285 955 429 996 dilecti
463 954 539 995 filii
574 954 726 995 fratres
762 953 982 995 Johannes
1019 953 1072 994 de
1108 953 1526 1011 Hemmyngbourgh
1556 963 1601 995 et

71 1013 288 1055 Robe1tus
320 1012 373 1054 de
406 1012 698 1066 Langechest1
700 1028 737 1061 e,
761 1012 959 1052 monachi
981 1011 1169 1053 ecclesiae
1189 1023 1347 1053 nostrae
1369 1013 1599 1067 praedictae,

67 1071 272 1137 quasdam
297 1071 540 1120 cessionem,
572 1069 906 1126 resignacionem
929 1080 971 1111 et
991 1071 1360 1111 renunciacionem
1386 1070 1508 1111 Prnox
1511 1080 1603 1111 atus

69 1129 200 1185 ipsms
232 1128 422 1170 ecclesiae
444 1137 600 1169 nostrae
625 1127 925 1169 Dunolmensis
947 1143 1026 1183 per
1046 1127 1248 1169 dilectum
1270 1127 1405 1170 filium
1428 1128 1599 1170 fratrem

71 1187 312 1229 Robertum
335 1187 388 1228 de
414 1186 698 1227 VValleworth
719 1186 907 1242 ejusdem
930 1185 1120 1227 ecclesiae
1145 1186 1336 1227 Priorem
1356 1186 1500 1236 factas,
1526 1203 1601 1228 seu

69 1245 285 1301 quoddam
336 1244 552 1299 publicum
613 1244 943 1285 instrumentum
1006 1243 1130 1298 signo
1193 1253 1235 1285 et
1285 1244 1600 1299 subscripcione

68 1302 259 1358 magistri
306 1302 515 1343 Willielmi
556 1302 610 1343 de
655 1303 831 1351 Barton,
870 1301 1029 1356 publ—ici
1069 1302 1324 1343 auctoritate
1366 1302 1599 1356 apostolica

68 1361 233 1411 notarii,
271 1360 481 1415 signatum
519 1369 561 1401 et
598 1360 894 1415 subscriptum,
915 1359 1160 1414 hujusmodi
1201 1361 1444 1410 cessionem,
1468 1359 1601 1417 resig-

67 1420 302 1468 nacionem,
337 1427 380 1459 et
416 1418 788 1459 renunciacionem
819 1417 861 1458 in
893 1433 941 1458 -se
982 1417 1217 1466 continens,
1260 1427 1602 1473 praesentarunt3

68 1477 354 1542 supplicantes
367 1475 583 1517 humiliter
596 1491 652 1517 ex
666 1485 785 1531 parte
799 1477 925 1516 vestri
940 1475 1136 1531 quatinus
1151 1477 1400 1526 cessionem,
1415 1476 1602 1530 resigna-

68 1537 258 1576 acionem
280 1544 323 1576 et
343 1534 711 1576 lenunciacionem
733 1533 956 1589 praedictas
979 1533 1204 1575 admittere
1224 1544 1268 1575 et
1289 1543 1521 1589 acceptare,
1539 1534 1601 1589 ip-

69 1608 159 1634 sum
179 1608 259 1649 que
269 1593 371 1633 fratr
374 1608 439 1633 em
453 1593 689 1634 Robertum
709 1593 762 1633 de
780 1591 1000 1632 Wallewm
1005 1591 1049 1632 th
1067 1606 1091 1632 a
1106 1592 1325 1649 regimine,
1342 1603 1510 1643 cura,et
1528 1593 1602 1633 ad-

69 1650 383 1692 ministracione
406 1650 508 1691 dicti
532 1650 601 1691 Pi
592 1665 655 1691 101
657 1660 751 1691 atus
772 1649 992 1691 absolvere
1022 1659 1066 1691 et
1088 1665 1335 1701 exonerare,
1359 1665 1525 1692 necnon
1555 1662 1601 1692 ut

70 1710 123 1750 ad
142 1708 400 1750 eleccionem
414 1723 493 1749 nov
497 1708 510 1748 i
525 1707 683 1749 Prioris
700 1707 1123 1762 piocederevaleatis,
1135 1708 1253 1749 vobis
1267 1709 1482 1750 licenciam
1498 1724 1601 1750 con-

69 1767 221 1808 cedere
242 1768 432 1820 graciose
454 1766 738 1820 dignaremur.
823 1765 927 1816 Nos,
952 1765 1093 1821 igitur,
1113 1766 1356 1821 hujusmodi
1377 1767 1601 1833 peticioni-

68 1825 147 1866 bus
170 1824 315 1865 vestris
337 1823 625 1865 favorabiliter
646 1832 895 1874 annuentes,
920 1823 1053 1864 dictas
1074 1825 1321 1874 cessionem,
1345 1824 1601 1879 resignacioa

68 1897 181 1932 nem,
220 1891 263 1924 et
297 1881 681 1946 renunciacionem,
715 1897 792 1937 per
827 1881 1052 1936 praefatum
1087 1882 1260 1923 fratrem
1286 1882 1525 1924 Robertum
1548 1883 1603 1924 de

72 1940 374 2005 Walleworth,
416 1949 464 1981 nt
501 1939 787 1995 praemittitur,
823 1940 955 1981 factas
988 1940 1235 1994 recepimus,
1269 1940 1527 1991 admisimus,
1557 1952 1603 1981 et

69 1997 395 2054 acceptavimus,
430 2013 534 2054 quas
570 1997 704 2039 eciam
747 2006 894 2039 tenore
936 1997 1214 2052 praesencium
1251 1998 1516 2039 admittimus
1558 2011 1603 2040 et

69 2066 366 2122 acceptamus-3
417 2056 638 2112 ipsumque
673 2055 848 2097 fratrem
886 2056 1126 2097 Robertum
1163 2057 1217 2098 de
1259 2057 1542 2099 Wallewmth
1579 2073 1606 2098 a

70 2129 172 2156 cura
209 2114 414 2168 regimine
455 2122 500 2155 et
548 2113 917 2155 administracione
953 2114 1171 2155 Prioratus
1207 2114 1402 2156 ecclesiae
1443 2126 1602 2156 nostrae

71 2171 291 2227 praedictae
310 2173 519 2222 exuimus,
543 2187 840 2221 exoneramuS,
859 2180 902 2213 et
923 2172 1189 2222 absolvimus,
1214 2187 1261 2214 ac
1284 2182 1475 2223 exutum,
1501 2189 1603 2214 exo-

70 2238 281 2280 neratum,
324 2239 366 2271 et
407 2230 646 2270 absolutum
688 2245 776 2271 esse
817 2230 1080 2270 decernimus
1131 2239 1175 2271 et
1216 2230 1478 2271 declaramus
1524 2246 1601 2285 per

70 2296 326 2343 praesente53
368 2287 586 2344 vobisque,
639 2297 686 2329 ut
725 2288 916 2328 ecclesiae
956 2300 1114 2328 nostrae
1161 2288 1408 2342 saepedictae
1443 2303 1603 2328 novum

75 2345 268 2385 Priorem
300 2344 469 2398 eligere,
504 2354 549 2386 et
579 2344 634 2386 ad
665 2345 907 2399 hujusmodi
941 2344 1211 2394 eleccionem,
1238 2345 1365 2399 juxta
1385 2360 1602 2386 sacrorum

71 2416 281 2444 canonum
314 2401 518 2451 instituta,
556 2403 635 2443 rite
669 2411 712 2443 et
749 2402 950 2443 canonice
983 2402 1215 2456 procedere
1238 2402 1426 2452 valeatis,
1451 2411 1602 2444 tenore

71 2459 348 2516 praesencium
370 2459 589 2501 licenciam
610 2459 881 2500 concedimus
902 2459 1155 2514 specialem·
1144 2490 1156 2508 ,
1189 2459 1338 2500 vobis
1330 2475 1370 2500 ln
1394 2471 1600 2516 quantum

72 2533 296 2574 possumus
332 2517 509 2558 firmiter
549 2517 833 2574 injungentes,
877 2532 1036 2573 vosque
1076 2516 1305 2558 affeccione
1343 2527 1520 2572 patema
1560 2519 1602 2559 in

74 2576 263 2617 Domino
294 2575 582 2625 exhortantes,
619 2576 816 2631 quatinus
846 2575 974 2616 talem
1010 2574 1051 2614 in
1083 2574 1210 2630 ipsius
1232 2575 1421 2616 ecclesiae
1444 2586 1602 2618 nostrae

76 2633 268 2675 Priorem
304 2634 422 2674 vobis
458 2633 614 2687 eligere
636 2632 854 2683 studeatis,
879 2633 950 2689 qui
974 2633 1071 2674 Deo
1093 2633 1320 2683 devotus,
1310 2648 1352 2674 1n
1376 2633 1603 2688 spirituali-

73 2691 152 2732 bus
188 2691 402 2746 providuS,
437 2700 480 2733 et
514 2693 556 2732 in
590 2690 893 2746 temporalibus
926 2690 1270 2744 circumspectus,
1309 2705 1357 2732 ac
1401 2693 1517 2733 vobis
1559 2703 1601 2735 et

76 2749 203 2791 dictae
236 2750 424 2791 ecclesiae
459 2759 616 2790 nostrae
650 2748 922 2799 necessarius,
945 2748 1072 2798 utilis,
1096 2758 1140 2789 et
1172 2748 1309 2790 fidelis
1332 2763 1422 2790 esse
1460 2750 1603 2792 dinos-

77 2816 215 2848 catur.
318 2808 368 2849 In
408 2822 588 2864 quorum
629 2807 758 2849 fidem
790 2815 834 2847 et
867 2806 1153 2848 testimonium
1194 2806 1377 2862 sigillum
1414 2818 1603 2851 nostrum

800 2878 824 2904 L
858 2868 883 2905 3
