1807 2962
210 92 308 136 132
539 109 674 141 HIST.
703 111 938 143 DUNELM.
959 109 1265 142 SCRIPTORES
1291 109 1430 141 TRES.

149 204 175 266 [
213 212 385 262 boreali,
423 228 481 255 ex
515 217 712 271 oppos-ito
749 217 889 259 altaris
930 217 972 258 S.
1012 215 1225 271 Gregorii,
1248 230 1304 257 ex
1325 224 1445 271 parte
1468 215 1738 267 occidentali,

214 269 318 325 xiij&
380 271 508 323 Item,
539 273 592 314 ad
624 274 864 316 relevamen
887 274 1020 316 debiti
1044 274 1276 324 Prioratus,
1299 274 1424 316 solvit
1444 273 1501 314 de
1520 273 1604 314 suis
1626 274 1743 315 obla-

214 327 401 370 tionibus
437 338 481 371 et
516 331 751 373 deodandis
783 332 968 374 diversas
997 332 1192 388 pecuniae
1213 346 1408 381 summas,
1431 331 1642 382 videlicet,
1664 331 1743 373 do-

215 384 331 426 mino
365 387 418 428 R.
446 387 500 428 de
525 389 712 440 Benton,
743 390 948 441 bursario,
971 390 1238 445 septuaginta
1258 398 1356 431 octo
1377 389 1505 431 libras
1527 398 1570 431 et
1589 404 1742 431 novem

213 443 384 494 solidos,
418 454 462 486 ut
495 455 612 501 patet
644 447 686 488 in
718 457 919 503 compoto
950 463 1041 498 suo,
1074 462 1188 489 anno
1220 447 1396 489 Domini
1423 450 1548 490 1341.
1614 447 1739 497 Item,

213 501 388 543 domino
433 503 621 545 Johanni
666 505 721 547 de
771 505 948 547 Neuton
995 504 1191 547 bursario
1237 507 1348 549 198l.
1390 518 1468 546 sex
1507 503 1664 545 solidos
1700 514 1744 546 et

214 559 362 601 decem
396 560 608 613 denarios,
646 572 692 604 ut
727 572 842 618 patet
875 564 916 604 in
938 571 1139 618 compoto
1160 578 1250 613 sue,
1273 577 1386 604 anno
1408 560 1586 605 Domini
1612 564 1739 603 1349.

219 617 344 666 Item,
373 618 497 660 solvit
519 619 696 662 domino
720 622 918 663 Roberto
933 622 990 663 de
1007 621 1203 672 Stokton,
1227 619 1431 671 bursario,
1454 620 1510 662 ad·
1530 635 1739 676 expensas

212 675 404 732 grangiae
435 676 489 717 de
535 677 799 734 Estrington,
847 679 965 724 xxvl,
1048 679 1174 729 Item,
1217 693 1295 734 pro
1336 693 1421 719 una
1464 677 1650 720 fenestra
1698 677 1742 718 in

214 733 300 774 fine
327 734 499 775 australi
530 735 638 776 aulae
673 736 830 778 Prioris
860 737 933 780 xl¹.
1058 737 1233 779 Summa
1263 736 1457 778 omnium
1482 751 1745 777 summarum-

212 791 541 844 praecedentium
592 795 750 844 2‚0761.
803 798 864 836 83.
915 795 1091 850 logdf}
1179 795 1287 836 Item
1339 794 1383 835 in
1428 802 1620 849 tempore
1665 808 1744 834 suo

213 848 373 890 fiebant
408 850 462 891 de
498 865 612 892 novo
645 852 778 894 multa
799 852 992 903 aedifieia,
1025 861 1068 894 et
1090 852 1264 908 antiqua
1296 860 1502 907 reparata,
1527 861 1613 893 tam
1635 851 1747 892 infra

217 906 475 948 Abbatl-iiam
510 923 635 965 quam
673 914 849 966 [zextra]⁹
888 920 928 951 et
960 911 1177 965 praeeipue
1215 910 1392 959 thorale,
1427 909 1667 964 granarium
1698 918 1742 950 et

216 963 439 1019 coquina‚†
469 980 625 1021 magna
654 968 837 1009 fenestra
868 981 930 1009 vn
953 967 1220 1009 luminarium
1243 969 1284 1008 in
1316 967 1453 1022 capite
1490 967 1745 1008 occidentali

215 1021 333 1062 navis
363 1023 567 1075 ecclesiae,
601 1034 644 1066 et
677 1039 731 1066 111
759 1025 852 1067 aliae
875 1027 917 1066 in
940 1035 1060 1080 parte
1080 1025 1239 1067 boreali
1261 1025 1389 1065 dictae
1410 1027 1541 1075 navis,
1565 1033 1608 1066 et
1631 1038 1664 1066 11
1687 1040 1743 1066 ex

214 1087 339 1133 parte
375 1080 536 1122 boreali
572 1082 689 1124 chori
726 1098 801 1138 per
834 1083 1076 1125 johannem
1111 1083 1165 1124 de
1198 1082 1373 1132 Tikille,
1411 1090 1454 1123 et
1489 1096 1524 1123 11
1545 1098 1600 1123 ex
1622 1093 1743 1138 parte

215 1137 388 1179 australi
413 1138 532 1180 chori
553 1154 632 1195 per
655 1141 958 1182 Feretrarium.
1022 1140 1189 1197 [Hujus
1231 1149 1375 1182 autem
1395 1140 1607 1196 prioratus
1629 1155 1745 1182 anno

715 1259 736 1277 θ
759 1257 973 1290 Arrnnmx.
988 1256 1057 1290 No.
1072 1266 1201 1289 cxxxv.

259 1316 286 1353 †
312 1313 386 1345 The
404 1314 479 1346 Ron
494 1316 531 1346 of
545 1316 714 1356 Expenses
729 1317 780 1348 for
803 1318 859 1349 the
885 1318 1039 1357 building
1064 1319 1099 1348 of
1126 1318 1182 1349 the
1204 1317 1347 1349 Kitchen
1373 1317 1400 1348 is
1426 1318 1598 1357 preserved
1627 1318 1661 1348 in
1686 1317 1748 1350 the

217 1355 397 1397 Treasury,
420 1359 485 1388 and
503 1359 558 1390 the
574 1359 742 1397 following
769 1367 861 1391 notes
881 1361 967 1391 from
983 1361 1009 1391 it
1025 1371 1101 1401 may
1118 1369 1175 1391 not
1192 1361 1231 1391 be
1247 1361 1480 1399 unacceptable
1497 1368 1530 1391 to
1546 1362 1602 1392 the
1618 1362 1743 1393 reader-

216 1399 249 1429 It
266 1400 292 1429 is
309 1399 439 1430 intitled
463 1402 485 1418 ‘⁶
499 1402 644 1432 Rutulus
666 1412 886 1442 expensarum
912 1404 998 1434 circa
1024 1410 1226 1434 structuram
1254 1403 1356 1433 Novae
1374 1403 1569 1443 Coquinae,”
1590 1404 1656 1433 and
1672 1403 1742 1434 also

216 1443 238 1458 ‘⁴
251 1443 432 1481 Compotus
448 1443 616 1475 Johannis
631 1445 671 1475 de
689 1445 891 1485 Beryugdon
908 1447 947 1476 de
963 1446 1105 1476 denariis
1123 1457 1178 1485 per
1194 1446 1301 1485 ipsum
1319 1447 1456 1485 receptis
1472 1451 1505 1476 et
1520 1456 1740 1486 expensarum

214 1485 301 1515 circa
316 1490 521 1516 structuram
537 1487 640 1518 Novae
665 1488 835 1528 Coquinae‚
852 1499 871 1518 a
898 1489 980 1519 fesvo
999 1489 1110 1519 Sancti
1129 1488 1270 1518 Martini
1294 1498 1382 1518 anno
1406 1487 1542 1518 Domini
1568 1488 1744 1519 millesimo

213 1527 392 1567 ccclxviijo.
416 1539 519 1568 usqffiue
525 1551 689 1560 ............
695 1531 716 1545 ”
763 1531 837 1562 The
852 1531 929 1561 Roll
945 1533 971 1562 is
987 1532 1028 1572 531
1042 1533 1138 1571 yards
1153 1531 1187 1560 in
1203 1530 1330 1570 length,
1347 1532 1411 1560 and
1423 1531 1449 1560 is
1463 1530 1582 1572 closely
1595 1532 1742 1562 written.

216 1570 292 1600 The
306 1571 533 1610 fromunde}
550 1573 649 1613 yards
664 1574 700 1603 in
712 1574 805 1604 dorso
817 1584 872 1604 are
887 1574 1046 1613 occupied
1058 1574 1139 1604 with
1150 1574 1207 1604 the
1222 1579 1391 1603 accounts.
1439 1573 1513 1603 The
1528 1574 1621 1604 work
1637 1573 1741 1604 lasted

213 1613 411 1652 6·quarters,
423 1624 461 1644 01·
476 1625 495 1644 a
511 1625 589 1655 year
605 1616 670 1645 and
686 1626 706 1645 a
721 1616 802 1646 half.
850 1616 923 1646 The
939 1627 1051 1647 names
1066 1616 1103 1646 of
1115 1626 1246 1646 masons
1262 1614 1510 1655 (Cementarii),
1527 1626 1742 1656 qnarrymen,

213 1656 278 1685 and
294 1655 465 1687 labourers
486 1657 698 1697 (Quarerarii
714 1664 748 1689 et
762 1659 931 1698 operarii),
948 1669 1004 1689 are
1019 1659 1062 1689 all
1077 1659 1265 1689 mentioned
1284 1658 1422 1698 weekly.
1455 1658 1602 1688 Masons'
1619 1669 1739 1699 wages,

212 1697 355 1737 highest,
370 1700 418 1729 3³.
433 1700 484 1730 8d.
497 1710 556 1739 per
572 1701 663 1732 week
676 1712 686 1737 ;
710 1701 834 1740 lowest,
847 1702 878 1731 xi
880 1702 920 1741 Jd
954 1701 1028 1732 The
1036 1701 1134 1731 latter
1150 1701 1290 1740 perhaps
1304 1711 1389 1731 were
1402 1702 1491 1741 boys·
1517 1702 1573 1739 Qu
1588 1711 1736 1742 urrymeu

213 1741 279 1770 and
303 1740 484 1780 labourers,
506 1744 526 1774 9
551 1743 602 1773 for
629 1746 649 1774 5
676 1745 767 1785 days,
793 1744 894 1775 reced.
930 1746 967 1774 in
988 1749 1049 1775 toto
1069 1744 1132 1774 lls.
1150 1745 1203 1774 311.
1250 1745 1346 1773 Some
1370 1744 1407 1773 of
1431 1743 1520 1774 them
1547 1743 1611 1774 had
1636 1744 1740 1774 aster-

212 1783 321 1814 wards
336 1783 455 1824 higher
478 1795 597 1824 wages.
644 1787 667 1803 “
682 1787 854 1818 ¹Iohannes
883 1787 1039 1828 Lewyne,
1066 1787 1230 1826 Magister
1255 1786 1567 1816 Cementariorum”
1589 1786 1651 1816 had
1669 1788 1738 1817 66³.

214 1826 266 1855 8d.
290 1826 341 1856 for
355 1826 435 1857 each
451 1835 595 1866 quarter,
612 1829 677 1859 and
693 1839 712 1859 a
727 1829 805 1860 robe
825 1830 861 1860 of
884 1831 940 1860 the
965 1829 1062 1859 value
1081 1829 1120 1859 of
1140 1829 1227 1868 xiijs.
1252 1828 1335 1867 iiijd.
1382 1828 1424 1858 In
1448 1828 1504 1859 the
1529 1830 1601 1860 first
1630 1830 1743 1860 weeks·

213 1867 308 1899 there
322 1869 350 1899 is
365 1879 408 1899 an
423 1870 640 1909 expend-iture
655 1878 689 1902 to
704 1881 766 1901 one
781 1882 818 1902 or
834 1879 900 1902 two
915 1882 992 1902 men
1010 1872 1032 1888 “
1044 1871 1241 1901 facientibus
1255 1871 1483 1910 pavimentum
1500 1878 1595 1903 extra
1610 1877 1739 1911 portam

213 1910 392 1942 australem
407 1912 539 1942 :''-.the
553 1914 684 1952 paviors
702 1923 788 1944 seem
804 1920 837 1944 to
853 1914 937 1944 have
952 1913 1017 1943 had
1035 1914 1085 1943 4d.
1105 1923 1163 1952 per
1177 1914 1252 1953 day.
1300 1913 1529 1955 Occasionally
1541 1914 1634 1945 there
1645 1914 1673 1944 is
1695 1924 1740 1944 an

212 1958 308 1983 extra
323 1953 443 1993 charge
466 1954 488 1971 “
499 1955 539 1984 ad
557 1956 695 1994 potum''
720 1956 741 1972 “
755 1956 895 1986 Cuidam
913 1956 1035 1995 Ferges
1050 1966 1196 1995 quarerae
1213 1956 1252 1986 de
1270 1954 1407 1996 Lomley
1429 1956 1550 1987 ibidem
1566 1967 1625 1996 pro
1640 1957 1741 1996 septi-

212 2003 323 2034 mana,
339 1996 417 2035 ijs.''
449 1996 548 2027 Peter
564 1997 695 2037 Dryng,
712 2008 732 2028 a
747 2008 859 2038 young
872 2008 996 2036 maison,
1013 2008 1136 2028 occurs.
1183 1997 1286 2038 (This
1302 2008 1379 2028 man
1396 2009 1463 2029 was
1478 1999 1671 2030 afterwards
1684 1999 1740 2030 the

212 2044 401 2069 contractor
415 2038 466 2068 for
488 2038 545 2070 the
567 2049 722 2080 masoury
747 2040 784 2071 of
803 2041 860 2071 the
885 2041 1088 2081 Domuum-y.
1136 2040 1349 2079 Arrmrmx,
1375 2040 1440 2071 No.
1464 2042 1606 2082 chxv.)
1653 2042 1675 2059 “
1692 2041 1736 2072 Iu

213 2081 406 2118 operacione
433 2091 501 2111 xxx
534 2086 703 2121 petrarum
732 2083 809 2113 ferri
827 2084 862 2112 in
893 2083 975 2123 xxiij
1008 2093 1137 2113 secures
1160 2083 1446 2122 cementariorum,
1478 2095 1546 2114 xxv
1576 2094 1739 2123 ponsones

213 2131 288 2151 cum
304 2122 442 2161 chissils,
459 2123 506 2162 iiij
524 2123 655 2162 hamus,
679 2125 702 2164 ij
728 2126 838 2164 piklzis
853 2131 886 2156 et
901 2126 958 2156 xix
975 2126 1108 2165 Weggis,
1125 2131 1218 2165 petra
1233 2127 1274 2155 ad
1296 2125 1394 2165 iiijd„
1416 2137 1466 2157 xs.
1513 2127 1558 2157 Et
1573 2127 1608 2156 in
1624 2137 1739 2166 opera-

212 2164 307 2195 cione
325 2165 371 2204 iiij
396 2170 565 2205 petrarum
588 2172 621 2197 et
636 2168 779 2198 dimidiae
795 2168 829 2198 in
845 2169 992 2207 calibem,
1016 2179 1075 2208 pro
1101 2168 1196 2198 dictis
1212 2169 1391 2207 securibus,
1408 2179 1579 2208 ponsones,
1597 2169 1736 2208 chissils,

211 2206 335 2246 pikkis,
358 2208 490 2247 hakkis,
514 2214 547 2239 et
569 2209 706 2240 kevellis
722 2210 888 2251 faciendis,
907 2211 1108 2250 reparandis,
1132 2215 1164 2241 et
1179 2211 1402 2247 emendandis,
1427 2221 1464 2242 ac
1485 2212 1591 2242 eciam*
1605 2222 1664 2251 pro
1688 2211 1738 2251 iiij

211 2251 312 2287 petris
327 2251 468 2290 operatis
483 2251 519 2281 in
534 2262 603 2281 uno
617 2252 767 2291 gavelok,
791 2253 844 2291 ijs.
901 2254 944 2283 Et
960 2253 994 2283 in
1010 2254 1218 2292 reparacione
1233 2264 1301 2282 xxv
1315 2253 1490 2292 securium,
1515 2255 1605 2294 pecia
1627 2255 1668 2284 ad
1688 2255 1737 2293 jd.

211 2292 263 2329 ob,
288 2293 358 2332 xxij
376 2303 535 2332 ponsones
550 2304 625 2324 cum
641 2295 768 2334 chisels,
787 2296 833 2335 iiij
851 2296 890 2325 ad
903 2297 964 2335 jd„
988 2295 1036 2334 iiij
1055 2296 1175 2325 hakkis
1190 2296 1269 2334 vjd„
1292 2305 1366 2326 cum
1390 2296 1492 2326 calibe
1517 2307 1574 2335 per
1591 2298 1738 2328 diversas

211 2334 308 2374 vices,
332 2341 365 2366 et
381 2345 440 2375 pro
454 2337 684 2368 emendacione
700 2348 768 2367 xxv
784 2339 895 2378 wegis,
912 2339 1001 2378 pecia
1017 2339 1056 2368 ad
1073 2338 1125 2368 ob.
1141 2344 1174 2368 et
1190 2348 1249 2378 pro
1264 2339 1393 2368 duobus
1408 2339 1577 2377 gavelokis
1593 2340 1662 2379 ijd„
1686 2350 1734 2371 vt.

209 2375 292 2417 iiijd.
340 2378 384 2408 Et
400 2378 434 2408 in
450 2379 625 2410 acuacione
642 2388 757 2411 mucce
773 2381 935 2411 securium
952 2380 1226 2411 cementariorum
1240 2391 1297 2420 per
1309 2380 1453 2412 diversas
1470 2382 1567 2420 vices,
1584 2392 1601 2412 c
1612 2382 1652 2412 ad
1663 2383 1734 2422 xjd.

210 2421 295 2459 xvjs.
319 2421 387 2459 vjd.
434 2421 479 2451 Et
494 2421 528 2451 in
544 2423 726 2453 cariacione
741 2424 845 2453 sabuli
870 2424 910 2453 ad
939 2424 1166 2463 pavimentum
1189 2429 1284 2453 extra
1299 2429 1426 2463 portam
1443 2424 1634 2454 Australem
1652 2425 1733 2464 xijd.

210 2463 256 2493 Et
271 2466 307 2493 in
322 2473 391 2494 una
401 2473 516 2494 serui-a
537 2475 596 2504 pro
611 2464 717 2496 hostio
731 2467 847 2496 domus
862 2465 1052 2497 cementarii
1067 2466 1125 2505 ijd.
1171 2466 1217 2496 Et
1232 2466 1361 2496 duobus
1382 2467 1586 2497 carrectariis
1608 2468 1734 2498 domini

210 2505 334 2536 Prioris
356 2516 416 2545 pro
429 2507 580 2537 serotecis
594 2513 627 2538 et
642 2518 706 2547 pro
725 2509 883 2546 rewardo,
908 2508 1014 2548 xijd.’'
1061 2507 1136 2539 The
1151 2509 1252 2539 above
1267 2518 1323 2539 are
1337 2509 1589 2550 extraordinary
1610 2520 1735 2550 expen-

208 2558 257 2579 ses
273 2548 417 2579 inserted
439 2554 474 2579 at
489 2549 546 2579 the
561 2551 623 2580 end
647 2550 683 2580 of
707 2551 763 2581 the
778 2551 896 2582 second
934 2556 1079 2591 quarter.
1127 2550 1237 2582 There
1263 2561 1318 2581 are
1341 2550 1436 2581 other
1459 2552 1676 2592 sharpenings
1701 2553 1739 2583 of

207 2591 300 2622 tools.
348 2592 370 2608 ‘⁶
384 2591 448 2621 Pro
465 2592 674 2631 reparacione
689 2594 789 2623 unius
805 2594 912 2624 mallei
939 2604 1085 2634 quarerae
1111 2601 1145 2625 et
1167 2594 1397 2624 emendacione
1420 2595 1526 2625 cateni
1552 2594 1673 2634 batelli,
1695 2604 1735 2626 ac

206 2633 308 2664 eciam
332 2643 390 2673 pro
405 2634 557 2665 serotecis
579 2636 758 2673 carectarii,
776 2636 827 2675 ijs.
851 2637 943 2676 vjd.'’
998 2637 1115 2667 Frater
1131 2636 1221 2667 ,John
1238 2637 1277 2666 de
1294 2636 1462 2667 Billesfeld
1478 2644 1632 2668 accounts
1648 2638 1732 2668 from

208 2675 264 2706 the
288 2675 310 2692 “
323 2675 499 2706 Dominica
514 2678 656 2706 secunda
670 2679 819 2717 proxima
834 2684 908 2719 post
923 2679 1044 2710 festum
1061 2678 1172 2710 Sancti
1192 2678 1364 2709 Michaelis
1378 2678 1591 2719 Archangeli,
1613 2680 1733 2719 1368,''

205 2717 240 2747 in
258 2718 314 2748 the
329 2717 451 2749 middle
465 2720 497 2749 οἱ
513 2718 570 2749 the
595 2719 653 2750 4th
669 2726 814 2759 quai-ter.
863 2721 1064 2761 Berrington
1090 2721 1145 2761 (ut
1160 2720 1257 2762 puto)
1281 2721 1379 2761 again
1396 2721 1505 2752 before
1521 2721 1576 2753 the
1592 2722 1684 2752 work
1702 2723 1730 2754 is

205 2759 358 2791 finished.
415 2761 437 2778 “
450 2760 599 2791 Johanni
619 2762 784 2793 Prentisse
800 2773 860 2803 pro
876 2764 925 2803 iiij
943 2764 1174 2795 instrumentis
1191 2764 1349 2803 reparatis
1364 2769 1396 2794 et
1411 2763 1483 2794 aliis
1499 2765 1729 2795 instrumentis

205 2803 369 2839 acuendis,
395 2813 464 2834 xrs„
494 2803 565 2852 ijjd.
614 2804 653 2834 ln
680 2806 853 2838 acuat-ioue
881 2815 947 2838 MD.
978 2808 1141 2839 securium
1168 2806 1454 2842 cementariorum,
1478 2816 1509 2838 c.
1535 2808 1615 2846 xjd.‚
1640 2807 1698 2846 xiij
1706 2817 1727 2838 ς.
