1807 2962
211 76 240 118 ’180

473 86 607 118 HIST.
636 85 872 118 DUNELM.
902 84 1208 117 SCRIPTORES
1235 84 1374 117 TRES,

371 403 473 433 rCAP.
507 402 602 431 XXI.
668 402 725 429 DE
760 401 1024 429 ELECTIONE
1057 401 1241 429 PRIORIS
1275 400 1499 431 HUGONIS.

695 512 798 554 [MS.
818 511 900 555 Cap¹
920 522 1019 544 cmv.
1044 512 1101 546 fol.
1123 514 1212 556 197]

246 625 372 666 Anno
403 623 577 665 Domini
599 636 860 672 memnonos,
887 636 939 663 111
963 622 1057 663 idus
1079 622 1283 674 Jannarii,
1307 623 1467 665 electus
1489 632 1551 665 est
1577 624 1713 680 Hugo

181 682 239 724 de
266 683 534 736 Derlington‚
554 682 769 738 quondam
798 680 931 730 Prior,
955 681 995 720 in
1022 680 1212 722 Priorem
1235 681 1422 723 ecclesiae
1448 682 1714 725 Dunelmen-

183 741 251 790 sis,
286 755 361 795 per
395 740 503 781 viam
546 739 863 794 compromissi3
910 739 1369 795 confirmatusqueest
1408 741 1461 781 ab
1500 741 1712 796 Episcopo

184 798 378 840 Antonio
399 798 512 853 apud
548 797 780 852 Bagworth
813 797 943 851 juxta
973 797 1281 852 Laycestriam,
1306 812 1341 838 11
1364 797 1447 842 kal.
1476 798 1710 851 Februarii,

182 871 296 897 anno
332 856 604 912 supradicto3
638 864 678 896 et
710 855 779 896 die
811 855 929 896 Jovis
962 855 1160 910 proxima
1189 865 1285 909 post
1314 856 1470 898 festum
1510 857 1713 899 Purifica-

181 914 288 955 ionis
311 929 387 969 per
417 914 616 955 clericum
641 913 942 954 Archidiaconi
971 913 1219 954 installatus.
1282 914 1357 964 [In
1378 913 1586 956 electione
1609 930 1711 956 vero

182 974 362 1027 praefata
383 972 567 1013 surrexit
593 972 648 1012 H.
672 972 724 1012 de
749 971 1013 1012 Horncastre
1035 971 1088 1012 de
1105 971 1200 1012 loco
1214 970 1256 1011 in
1274 986 1359 1027 quo
1375 972 1648 1027 praesidebat,
1668 983 1710 1015 et

177 1040 440 1086 protestatus
476 1041 538 1072 est
577 1045 620 1070 se
643 1044 726 1070 non
749 1029 953 1069 interesse
985 1028 1042 1069 ibi
1066 1030 1172 1070 sicut
1204 1030 1423 1071 custodem
1446 1031 1613 1081 domus,
1638 1046 1713 1087 per

182 1089 441 1143 Episcopum
465 1088 520 1129 ibi
543 1087 740 1142 positum,
774 1087 847 1127 sed
871 1086 978 1128 sicut
1010 1086 1201 1127 Priorem
1236 1087 1290 1128 de
1327 1087 1626 1142 Coldingham,
1670 1099 1713 1131 et

182 1146 358 1187 fratrem
373 1146 547 1202 capituli
563 1161 573 1194 3
592 1146 664 1186 sed
680 1144 800 1185 multi
815 1146 1167 1198 protestationem
1182 1159 1260 1200 pro
1275 1145 1433 1187 nichilo
1447 1157 1709 1201 reputante5‚

184 1205 400 1254 dixerunt,
432 1203 666 1259 “nunquid
690 1217 771 1243 non
794 1202 932 1243 adhuc
954 1213 1122 1256 praeest,
1146 1212 1190 1244 et
1212 1203 1390 1257 primam
1413 1219 1559 1246 vocem
1581 1205 1712 1247 habet

182 1263 225 1303 in
250 1263 449 1317 capitulo,
483 1277 531 1303 ac
564 1262 596 1302 si
632 1260 755 1302 Prior
785 1261 933 1302 esset?
966 1261 1058 1316 quis
1081 1276 1264 1317 unquam
1288 1261 1389 1302 vidit
1424 1262 1615 1313 Priorem
1638 1264 1713 1305 ali-

178 1321 302 1376 cujus
347 1321 480 1362 Cellae
527 1319 754 1375 praesidere
801 1318 842 1359 in
884 1318 1070 1373 capitulo
1113 1319 1405 1369 Dunehnensi,
1449 1322 1632 1363 maxime
1668 1323 1711 1362 in

183 1379 414 1433 praesentia
440 1377 669 1434 supprioris
686 1378 707 1419 P
748 1376 877 1417 immo
908 1377 1036 1418 habet
1067 1377 1264 1432 supprior
1284 1379 1527 1433 praesidere,
1556 1392 1598 1421 et
1619 1395 1712 1421 cor—

180 1439 320 1493 rigere
353 1451 500 1478 omnes
526 1436 695 1477 Priores
727 1435 941 1485 cellarum,
966 1444 1008 1475 et
1030 1434 1072 1475 in
1089 1435 1203 1476 cellis
1225 1436 1285 1477 eis
1303 1437 1579 1490 praesentibus
1603 1453 1712 1493 prae-

183 1496 334 1545 sidere,
369 1504 411 1536 et
443 1494 724 1535 correctiones
749 1493 900 1542 facere,
929 1502 1057 1547 prout
1089 1493 1239 1534 viderit
1271 1495 1517 1548 expedire.’'
1582 1496 1711 1537 Multi

182 1553 314 1607 igitur
350 1561 498 1593 contra
520 1567 615 1592 eum
639 1563 813 1606 propter
834 1550 913 1591 hoc
936 1551 1270 1592 murmurabant.
1311 1552 1545 1594 Praefectus
1567 1553 1710 1610 itaque

184 1611 374 1652 secundo
396 1610 526 1666 Hugo
548 1610 589 1649 in
615 1610 804 1650 Priorem
827 1608 966 1649 rimari
988 1608 1088 1650 fecit
1110 1624 1256 1650 omnes
1278 1623 1495 1665 compotos
1519 1612 1710 1663 bursarii,

179 1684 209 1709 ,a
232 1678 420 1723 tempore
442 1667 641 1708 cessionis
663 1681 750 1707 suae
775 1682 904 1722 usque
921 1675 1035 1716 tunc,
1070 1676 1113 1707 et
1136 1682 1206 1708 eos
1227 1670 1345 1724 quasi
1366 1683 1477 1710 nova
1493 1670 1714 1712 ratiocinia

182 1727 283 1768 fecit
315 1726 507 1768 reddere.
573 1725 853 1766 Willielmum
886 1725 939 1765 de
972 1723 1208 1767 Middilton
1237 1728 1511 1768 camerarium
1535 1728 1708 1780 amovit,

183 1794 227 1826 et
249 1787 432 1840 acceptis
455 1785 507 1824 de
529 1784 758 1824 cameraria
789 1782 980 1823 ducentis
1003 1784 1221 1837 octoginta
1252 1784 1414 1834 marcis,
1450 1785 1576 1826 alium
1612 1788 1711 1828 sub-

181 1843 345 1892 stituit3
378 1843 576 1897 praefatus
598 1856 697 1882 vero
735 1840 974 1882 Willielmus
1006 1841 1139 1881 stricti
1166 1842 1271 1897 juris
1295 1852 1383 1883 erat
1405 1858 1507 1898 erga
1528 1859 1709 1886 conven-

185 1911 289 1952 tum,
324 1901 422 1942 satis
444 1900 610 1941 exiliter
635 1914 706 1940 eos
728 1898 926 1948 vestiens,
952 1909 995 1939 et
1017 1913 1142 1953 parce
1165 1901 1222 1940 eis
1245 1900 1326 1941 alia
1347 1902 1582 1942 necessaria
1610 1917 1710 1943 con-

182 1960 335 2009 ferens,
370 1970 412 2000 et
445 1968 584 1999 tamen
607 1956 882 1998 habundabat
903 1956 990 2011 ejus
1017 1957 1227 1999 officium:
1251 1957 1398 1999 habuit
1420 1959 1445 2014 ij
1481 1960 1705 2011 vaccarias,

184 2018 299 2059 unde
321 2018 537 2058 subtracto
560 2025 724 2057 tantum
746 2015 799 2055 ab
821 2014 973 2063 officio,
998 2023 1042 2055 ut
1061 2024 1122 2056 est
1137 2015 1312 2066 dictum,
1333 2031 1418 2057 non
1441 2017 1576 2058 minus
1597 2019 1707 2060 bene

183 2085 276 2117 erat
313 2074 542 2116 conventui
577 2072 848 2116 deservitum.
914 2072 1144 2113 Ricardum
1186 2075 1312 2115 etiam
1345 2075 1398 2116 de
1433 2075 1585 2117 Hoton
1609 2090 1709 2132 sup<

180 2135 364 2190 priorem
384 2132 574 2188 praefecit
597 2131 639 2172 in
661 2131 850 2174 Priorem
869 2130 922 2171 de
939 2130 1129 2181 Lithum‚
1154 2140 1196 2173 et
1213 2147 1307 2173 cum
1327 2132 1413 2187 ipse
1432 2133 1485 2174 ibi
1504 2149 1706 2189 prospere

182 2208 227 2234 se
260 2193 449 2242 haberet,
483 2189 642 2231 amovit
676 2204 786 2239 eum,
821 2197 862 2230 et
893 2189 1218 2230 conventualem
1260 2191 1376 2245 apud
1421 2191 1707 2246 Coldingham

183 2266 279 2291 eum
303 2250 425 2299 fecit3
460 2248 609 2290 oderat
640 2247 751 2288 enim
774 2261 886 2296 eum,
912 2261 963 2287 eo
984 2247 1100 2302 quod
1133 2247 1232 2301 ipse,
1276 2248 1472 2303 supprior
1503 2250 1705 2302 existens,

181 2318 374 2363 tempore
411 2306 582 2348 Ricardi
616 2305 669 2345 de
704 2305 892 2346 Claxton
927 2304 1099 2354 Primis,
1134 2305 1302 2346 veniens
1335 2306 1448 2360 apud
1486 2307 1702 2362 Fynchall,

180 2367 224 2407 in
245 2368 353 2407 festo
376 2363 607 2406 nativitatis
628 2362 836 2404 ,Iohannis
872 2361 1089 2416 Baptistae,
1123 2362 1261 2404 locum
1285 2375 1328 2404 et
1349 2364 1497 2405 fratres
1520 2366 1709 2407 visitatu-

180 2440 267 2475 1·uS,
302 2432 349 2465 ut
389 2422 586 2478 supprior
626 2427 918 2469 consueverat,
956 2419 1247 2474 interrogavit,
1291 2421 1358 2462 cui
1400 2422 1464 2465 H.
1489 2421 1704 2478 quondam

182 2483 306 2523 Prior
337 2483 638 2528 confiteretur3
681 2477 747 2518 cui
786 2477 843 2519 H.
878 2477 1109 2531 praedictus
1150 2479 1384 2534 respondit,
1435 2481 1593 2532 “Scio,
1630 2482 1701 2532 fili,

177 2540 281 2595 quid
303 2539 442 2580 habeo
463 2538 616 2586 facere,
651 2545 692 2577 et
723 2535 905 2577 animam
938 2549 1076 2576 meam
1106 2538 1320 2578 custodire
1343 2537 1450 2578 sicut
1473 2549 1517 2580 tu
1550 2541 1705 2581 tuam.’'

183 2598 296 2638 Haee
329 2596 455 2650 igitur
487 2593 708 2650 inquisicio
740 2594 779 2634 ei
810 2593 1002 2634 fountem
1036 2593 1204 2634 invidiae
1236 2604 1278 2636 et
1321 2596 1585 2637 occasionem
1619 2598 1705 2638 odii

179 2654 457 2695 ministrabat.
544 2652 672 2693 Unde
712 2659 865 2705 postea
905 2651 1080 2692 effectus
1119 2652 1255 2703 Prior,
1298 2653 1397 2694 odio
1437 2653 1609 2695 Ricardi
1643 2655 1704 2703 ¹de

182 2712 350 2762 Hoton,
375 2713 460 2767 qui,
487 2710 656 2766 juvenis
689 2708 908 2762 graciosus
941 2718 1044 2761 erat,
1074 2710 1301 2752 monachos
1332 2710 1445 2752 misit
1488 2712 1702 2755 Oxoniam
