1807 2962
222 115 387 165 CCCXiV
554 130 686 163 HIST.
709 130 942 163 DUNELM.
971 131 1273 168 SCRIPTORES
1299 132 1435 164 TRES.

337 449 467 479 CCXL.
504 448 824 476 CONFIRMACIO
860 447 1055 475 EUGENII
1089 448 1215 476 PAPAE
1248 436 1350 476 IIIIti
1377 450 1521 477 SUPER
1546 451 1632 478 OM·-

336 507 477 535 NIBUS
510 506 887 534 POSSESSIONIBUS
925 507 1185 534 PRIORATUS
1218 507 1277 533 DE
1322 508 1632 535 COLDINGHAM

336 566 392 592 ET
430 565 614 592 CONTRA
652 565 820 592 OMNEM
859 564 1177 593 PROVISIONEM
1215 565 1532 593 APOSTOLICAM
1572 566 1628 593 ET

334 623 634 650 COMMENDAM
658 622 1012 650 [MPETRANDAM.

789 716 899 758 [Cart.
916 717 991 749 111.
1008 716 1032 749 s.
1050 718 1140 762 197]

273 812 492 869 Eugenius
516 811 771 867 EpiscopuS,
793 823 936 852 servus
969 825 1186 851 servorum
1210 812 1310 860 Dei,
1335 813 1388 854 ad
1411 822 1661 869 perpetuam
1683 812 1745 854 rei

214 873 476 915 memoriam.
545 868 803 924 Apostolicae
826 868 1043 909 servitutis
1066 869 1265 919 officium,
1291 872 1424 921 nobis,
1450 872 1574 912 liceat
1597 872 1743 912 imme-

211 932 315 982 ritis,
339 945 393 972 ex
416 929 502 970 alto
523 926 806 975 commissum,
826 926 938 966 circa
958 926 1213 979 regularium
1238 928 1425 968 locorum
1450 929 1738 984 quorumlibet

212 998 371 1031 statum
409 987 452 1027 in
485 985 638 1026 melius
670 983 1009 1039 prosperandum
1044 984 1198 1024 sedulis
1231 985 1341 1026 curis
1387 988 1541 1042 exequi
1572 986 1738 1036 soliciti,

209 1049 394 1089 libenter
413 1044 485 1085 illa
505 1042 671 1084 solertis
693 1040 943 1096 provisionis
967 1040 1251 1095 impendimus
1269 1044 1427 1085 auxilia
1443 1060 1518 1099 per
1535 1059 1630 1100 quae
1648 1045 1743 1086 loca

211 1107 303 1162 ipsa
315 1101 604 1159 prosperiores
621 1099 964 1153 complectuntur
981 1114 1212 1150 successus,
1236 1103 1547 1157 acceptioribus
1569 1118 1739 1158 quoque

210 1162 439 1218 proficiant
461 1156 748 1206 incrementis,
774 1165 817 1197 et
854 1157 933 1196 illis
970 1171 1065 1212 quae
1100 1171 1175 1211 pro
1199 1173 1344 1200 corum
1368 1175 1416 1200 ae
1439 1160 1479 1201 in
1504 1160 1561 1201 eis
1584 1161 1738 1202 (livinis

206 1220 405 1263 laudibus
427 1217 719 1258 dedicatarum
735 1229 1009 1269 personarum
1026 1215 1207 1255 comodo
1225 1227 1266 1257 et
1286 1218 1468 1259 utilitate
1488 1218 1738 1273 processisse

207 1278 509 1333 comperimus,
532 1282 580 1315 ut
601 1272 763 1314 illibata
784 1273 1007 1327 persistant
1028 1272 1221 1324 libenter,
1247 1290 1341 1316 cum
1375 1291 1399 1316 a
1422 1277 1542 1317 nobis
1564 1277 1736 1331 petitur,

208 1333 430 1392 apostolici
450 1331 690 1374 muniminis
723 1329 943 1385 adjicimus
979 1330 1238 1374 firmitatem.
1302 1334 1413 1375 Sane
1435 1349 1513 1389 pro
1536 1343 1655 1389 parte
1677 1335 1740 1376 di-

206 1396 414 1437 lectorum
449 1390 635 1432 filiorum
659 1388 816 1430 Prioris
838 1398 882 1430 et
905 1390 1151 1430 Conventus
1174 1391 1418 1432 monasterii
1444 1393 1575 1433 sancti
1601 1394 1738 1434 Cuth-

205 1452 317 1495 berti
340 1449 524 1506 episcopi
539 1457 583 1490 et
604 1447 868 1497 confessoris,
888 1447 1189 1488 Dunelmensis
1207 1449 1436 1499 dioceseos,
1461 1450 1581 1491 nobis
1605 1465 1738 1505 nuper

206 1510 399 1553 exhibita
430 1506 586 1563 peticio
623 1505 872 1547 continebat
893 1505 1008 1561 quod
1030 1506 1123 1560 ipsi,
1148 1521 1380 1563 eorumque
1403 1508 1735 1562 predecessores,

204 1567 521 1626 largicionibus,
559 1563 868 1606 donacionibus
908 1571 950 1603 et
983 1563 1326 1606 concessionibus
1358 1565 1483 1606 clarae
1516 1567 1734 1608 memoriae

210 1626 386 1681 Edgari,
419 1623 566 1673 Davit,
611 1621 858 1671 Alexandri,
885 1621 1124 1671 Willielmi,
1155 1621 1346 1673 Roberti,
1379 1639 1427 1664 ac
1464 1624 1656 1675 Roberti,
1691 1633 1734 1666 et

205 1684 371 1734 Jacobi,
407 1682 544 1724 Sociae
574 1681 757 1734 Regum,
778 1694 825 1720 ac
848 1679 980 1719 eciam
1003 1679 1264 1722 diversorum
1292 1681 1508 1722 Comitum
1533 1683 1585 1723 de
1610 1683 1726 1723 Dun-

201 1745 319 1794 bare,
359 1742 431 1798 qui
465 1740 636 1780 fuerunt
668 1753 747 1792 pro
783 1747 987 1790 tempore,
1016 1736 1256 1779 Prioratum
1288 1739 1450 1780 Cellam
1483 1740 1569 1781 sive
1604 1740 1732 1781 Man-

204 1803 367 1844 sionem
388 1808 432 1841 et
453 1796 670 1838 baroniam
695 1796 748 1837 de
774 1795 1087 1849 Coldyngham,
1118 1796 1263 1837 Sancti
1289 1797 1474 1838 Andreae
1496 1798 1728 1849 dioceseos,

202 1874 370 1900 necnon
408 1856 573 1898 diversa
605 1853 906 1908 possessiones,
947 1862 1093 1902 terraS,
1128 1854 1339 1904 ecclesias,
1372 1865 1416 1896 et
1452 1856 1646 1910 capellaS,
1681 1871 1730 1897 ac

205 1916 461 1963 mansiones,
487 1919 743 1960 tenementa,
763 1920 807 1951 et
829 1910 1083 1959 molendina,
1108 1926 1202 1951 cum
1222 1912 1409 1966 plenaria
1426 1922 1468 1954 et
1486 1914 1730 1956 omnimoda

192 1972 496 2029 jurisdiccione
533 1984 581 2010 ac
610 1967 862 2010 cohercione
885 1967 1200 2022 temporalibuS,
1225 1984 1321 2009 cum
1345 1971 1444 2025 jure
1466 1981 1728 2024 patronatus,

199 2047 250 2073 ac
273 2029 445 2086 capellis
460 2036 501 2069 01·
519 2026 608 2068 aliis
631 2025 715 2066 suis
738 2025 1010 2080 pertinenciis
1033 2025 1148 2066 dicto
1164 2026 1376 2067 Prioratui
1395 2043 1442 2068 ac
1461 2028 1569 2069 1111115
1590 2029 1726 2069 Priori

198 2098 241 2131 et
265 2086 453 2143 personis
488 2099 565 2139 pro
600 2094 791 2137 tempore
814 2082 1091 2123 existentibus
1113 2082 1286 2124 diversis
1310 2085 1445 2126 modis
1468 2086 1725 2142 diversisque

201 2147 362 2188 vicibus
384 2144 503 2185 factis
525 2142 578 2182 ab
601 2141 830 2182 earundem
864 2139 1158 2196 largicionum,
1183 2141 1466 2183 donacionum
1489 2153 1531 2184 et
1554 2159 1726 2185 conces-

199 2205 363 2246 sionum
403 2200 679 2255 temporibus,
716 2198 768 2238 de
802 2199 956 2253 quibus
982 2198 1106 2238 etiam
1131 2200 1334 2240 memoria
1355 2215 1437 2241 non
1461 2202 1637 2243 resultat
1660 2203 1726 2243 vel

196 2269 318 2304 extat
339 2260 456 2309 citra,
475 2257 678 2299 continuo
695 2271 743 2296 ac
766 2255 853 2296 sine
867 2255 1212 2297 contradiccione
1234 2257 1388 2312 aliqua,
1409 2258 1542 2299 eciam
1565 2260 1724 2315 absque

196 2318 435 2376 provisione
472 2316 536 2356 vel
577 2313 798 2362 comenda,
838 2322 910 2353 aut
944 2313 1121 2367 alicujus
1155 2314 1326 2355 alterius
1359 2317 1467 2357 tituli
1502 2316 1589 2357 sive
1617 2318 1723 2373 juris

194 2378 409 2433 suffragio,
433 2374 558 2416 alicui
581 2373 726 2413 alterae
744 2386 935 2425 personae
958 2371 1176 2426 acquisito,
1201 2372 1376 2426 pacifice
1399 2383 1441 2414 ct
1464 2374 1606 2429 quiete
1628 2390 1725 2429 pos-

196 2436 413 2482 sederunt,
449 2439 576 2486 prout
597 2429 814 2484 possident
846 2443 894 2468 ac
927 2437 1087 2477 tenent,
1111 2438 1151 2469 et
1175 2428 1331 2470 habent
1356 2430 1408 2471 de
1430 2433 1642 2486 praesenti,
1677 2445 1721 2473 et

194 2508 291 2550 quae
322 2491 495 2548 quidem
526 2487 790 2540 largiciones,
815 2485 1087 2535 donaciones,
1112 2495 1155 2527 et
1177 2488 1470 2529 concessiones
1493 2504 1540 2529 ac
1563 2489 1720 2531 exinde

191 2560 349 2599 secuta,
389 2557 474 2589 tam
508 2560 584 2600 per
608 2546 824 2586 Romanos
855 2544 1080 2597 pontifices
1103 2559 1228 2598 quam
1252 2545 1440 2586 locorum
1464 2546 1716 2596 ordinarios,

190 2610 262 2665 qui
281 2607 407 2649 etiam
431 2605 602 2645 fuerunt
615 2617 694 2657 pro
712 2610 916 2655 tempore,
936 2601 1178 2642 successivis
1199 2603 1462 2657 temporibus
1485 2605 1720 2658 approbata

190 2676 234 2708 et
271 2665 523 2706 confirmata
555 2659 804 2706 extiterunt,
837 2667 965 2711 prout
1002 2659 1041 2698 111
1077 2658 1251 2700 diversis
1284 2661 1532 2701 auctenticis
1565 2662 1718 2702 litteris

190 2723 423 2765 eorundem
450 2720 614 2772 Regum
653 2726 695 2757 et
719 2716 952 2764 Comitum,
977 2716 1122 2772 sigillis
1145 2717 1331 2767 munitis,
1356 2718 1441 2759 sive
1465 2719 1716 2759 instrumen-

190 2782 241 2822 tis
263 2778 441 2835 publicis
477 2776 576 2817 inde
610 2773 828 2823 confectis,
854 2781 894 2813 et
924 2788 1103 2829 quorum
1128 2774 1281 2829 aliqua,
1316 2776 1403 2817 sive
1426 2790 1568 2817 eorum
1594 2777 1717 2818 effec-
