1807 2962
429 84 695 125 RossERTUs
732 93 798 126 DE
826 88 1169 124 GRAYSTANES.
1498 85 1561 134 95

0 194 7 201 ’
42 208 83 244 et
104 199 147 241 in
175 214 284 256 equo
311 198 511 254 Episcopi
533 202 704 254 punitus
726 203 826 252 est.]
914 199 981 240 Ex
1003 207 1105 241 tunc
1127 215 1231 257 erga
1256 200 1419 256 Regem
1442 203 1499 244 sic
1521 219 1565 245 se

0 251 6 257 ¹
41 257 203 308 habuit,
236 257 353 313 quod
391 257 556 313 Regem
593 257 670 298 sibi
704 257 954 299 familiarem
989 258 1152 309 habuit,
1184 267 1227 300 et
1258 258 1299 299 in
1332 259 1489 315 placito
1510 266 1564 303 de

44 318 196 359 Castro
236 315 444 357 Bernardi
476 324 519 356 et
555 316 610 357 de
636 315 885 366 Herternes,
923 330 1019 373 quae
1050 326 1173 372 pater
1211 317 1343 374 Regis
1378 318 1569 361 Antonio

43 375 343 432 praedecessori
379 388 456 415 suo
489 374 676 424 abstulit,
710 374 949 415 voluntarie
985 374 1214 430 propitium
1251 384 1295 417 et
1331 376 1569 427 fautorem3

43 432 159 490 quod
197 433 233 473 si
268 431 585 488 supervixisset,
621 432 754 489 Regis
786 432 1000 487 adjutorio
1030 432 1238 477 evicisset.
1306 433 1392 476 Iste
1418 435 1568 486 eciam,

44 506 154 536 anno
189 490 327 546 primo
362 490 693 531 consecrationis
726 505 828 541 suae,
863 490 1020 545 scripto
1056 505 1133 533 suo
1164 500 1438 535 revocaverat
1473 508 1570 549 quae

45 548 258 592 Antonius
289 548 461 598 fecerat,
489 548 588 590 sede
613 548 830 590 Prioratus
862 556 1038 590 vacante
1054 564 1065 599 3
1097 558 1141 591 et
1160 549 1381 606 antiquum
1403 550 1572 606 privile-

43 608 159 666 gium
177 607 409 656 renovavit,
433 606 565 662 quod,
588 605 760 656 scilicet,
782 605 980 648 Prioratu
998 616 1188 658 vacante,
1206 608 1346 651 nullus
1361 608 1572 652 intromit-

47 675 108 708 tat
129 681 172 707 se
191 666 245 707 de
271 665 467 706 Prioratu
490 665 531 705 in
549 664 853 720 temporalibus
876 666 943 707 vel
956 665 1246 720 spiritualibus
1266 666 1347 709 nisi
1364 668 1573 724 Supprior

45 733 87 765 et
120 723 381 779 Capitulum,
406 731 449 764 et
482 723 599 779 quod
634 722 805 764 nomine
839 724 1046 765 custodiae
1077 724 1234 766 habeat
1256 725 1497 782 Episcopus
1529 728 1574 768 in

49 782 244 824 Prioratu
278 796 407 822 unum
430 781 629 822 clericum
666 785 878 835 [tantum]
915 797 1012 823 cum
1045 782 1180 825 tribus
1212 783 1332 840 equis
1364 792 1407 826 et
1438 784 1573 827 tribus

45 839 329 896 garcionibus,
387 839 517 881 nichil
569 839 682 880 ultra
720 848 889 895 petens,
932 855 1012 882 nec
1052 841 1107 883 de
1156 841 1278 883 bonis
1318 841 1468 884 domus
1509 845 1575 886 in-

47 899 301 941 tromittens.
366 897 502 939 Dedit
536 898 674 939 Priori
705 906 749 939 et
789 898 1015 940 conventui
1053 899 1406 956 Wascropheved,
1439 901 1575 957 pisca-

46 956 152 998 riam
203 958 246 997 in
295 971 405 1012 aqua
454 956 509 997 de
561 956 687 1006 VVer,
744 962 788 1012 [a
838 971 951 998 novo
992 965 1126 1012 ponte
1172 973 1306 1015 usque
1357 967 1573 1011 veterem3

50 1013 260 1065 Sacristae,
304 1015 432 1070 juxta
481 1014 521 1056 le
570 1014 689 1071 Hog‚
743 1014 888 1056 nescio
919 1023 1025 1071 quot
1076 1030 1193 1058 acras
1244 1017 1298 1058 de
1349 1026 1483 1070 vasto,
1531 1028 1575 1061 et

48 1074 182 1114 multo
210 1073 333 1128 plura
360 1072 553 1114 conferre
585 1071 806 1127 disposuit,
836 1073 911 1114 sed
941 1082 1079 1115 morte
1109 1083 1424 1131 praeocupatus,
1458 1077 1577 1134 quod

47 1131 310 1186 cogitaverat
350 1145 435 1172 non
475 1130 680 1185 implevit.
742 1131 877 1172 Dedit
918 1131 1044 1173 etiam
1089 1132 1228 1174 Priori
1258 1133 1480 1176 licenciam
1512 1136 1577 1177 di-

46 1190 206 1231 latandi
238 1204 414 1244 parcum
445 1189 499 1230 de
533 1189 805 1243 Beaurepair,
829 1202 906 1244 per
925 1204 956 1231 x
976 1190 1153 1246 pedatas
1185 1191 1230 1233 in
1259 1192 1499 1244 latitudine,
1523 1195 1576 1235 ab

51 1247 280 1302 Hospitali,
318 1261 450 1303 usque
484 1246 772 1297 Milneburne,
805 1255 850 1288 et
876 1262 1116 1290 warennam
1146 1250 1191 1291 in
1225 1250 1423 1293 omnibus
1455 1252 1575 1294 terris

50 1305 133 1348 suis
155 1306 265 1347 infra
289 1305 458 1362 Tynam
480 1313 525 1346 et
549 1305 761 1361 Teysam:
799 1305 1070 1348 collationem
1093 1311 1220 1349 etiam
1243 1308 1418 1364 capellae
1440 1313 1576 1352 sancti

48 1364 199 1406 Jacobi
249 1379 375 1419 super
417 1378 574 1404 novum
617 1372 791 1418 pontem
831 1373 874 1406 et
923 1365 1113 1406 redditus
1164 1366 1302 1408 eidem
1343 1368 1576 1423 assignatos

51 1422 189 1464 Priori
239 1430 282 1464 et
331 1420 562 1463 conventui
602 1421 906 1475 confirmavit]
984 1423 1123 1465 Priori
1156 1424 1283 1466 etiam
1330 1426 1474 1468 Sacrae
1507 1428 1579 1469 In-

50 1481 153 1521 sulae
184 1479 393 1522 decimam
424 1480 478 1521 de
510 1479 713 1521 cuniculis
745 1479 852 1521 infra
882 1480 1063 1523 insulam
1094 1482 1201 1524 solvi
1232 1484 1364 1533 fecit3
1397 1495 1440 1528 et
1470 1485 1576 1528 solvi

51 1538 205 1582 debere
226 1554 303 1580 suo
323 1539 495 1580 decreto
517 1546 560 1579 et
582 1537 712 1580 literis
731 1538 978 1580 declaravit.

162 1882 257 1909 CAP.
296 1880 451 1909 XXXVI.
498 1880 558 1908 DE
598 1879 815 1908 CESSIONE
858 1878 1113 1911 WILLIELMI
1156 1883 1357 1924 PRIORIS,
1402 1887 1458 1916 ET

545 1937 808 1967 ELECTIONE
842 1939 1076 1971 GALFRIDI.

546 2033 646 2076 [MS.
663 2034 747 2078 Cap.
764 2043 894 2070 chrx.
911 2032 935 2066 f.
955 2035 1050 2078 209]

110 2128 239 2168 Anno
281 2126 459 2168 Domini
499 2140 622 2168 Mccc
665 2126 797 2168 tercio
838 2125 1021 2178 decimo,
1079 2128 1192 2171 circa
1245 2131 1401 2175 festum
1441 2136 1576 2179 sancti

53 2185 275 2236 Barnabae,
295 2186 523 2227 senectutis
540 2194 583 2227 et
604 2184 867 2240 impotentiae
883 2186 1066 2227 sentiens
1082 2187 1367 2243 incommoda,
1388 2193 1578 2245 [videns-

53 2258 134 2299 que
165 2244 339 2285 domum
370 2244 504 2301 magis
535 2244 718 2285 deficere
749 2244 829 2285 sub
855 2258 932 2285 suo
952 2244 1159 2298 regimine
1180 2261 1307 2304 quam
1327 2252 1574 2304 proficere],

54 2301 316 2343 Willielmus
339 2303 411 2354 [de
431 2302 640 2355 Tanfeld]
663 2303 786 2344 cessit
809 2301 1020 2344 Prioratui
1038 2318 1049 2352 3
1073 2304 1221 2346 cellam
1244 2307 1298 2348 de
1319 2309 1462 2349 Jarow
1479 2325 1576 2351 cum

52 2359 239 2401 manerio
275 2360 329 2401 de
355 2360 550 2417 Wardley
585 2367 646 2416 [et
680 2359 932 2416 quibusdam
955 2360 1127 2402 decimis
1149 2363 1338 2416 ejusdem
1360 2367 1575 2420 parochiae

50 2432 129 2472 pro
150 2417 411 2472 provisione]
432 2418 635 2473 recipiens
653 2434 662 2459 :
686 2427 728 2459 et
742 2417 877 2473 petita
898 2417 1069 2460 licentia
1089 2420 1142 2460 ab
1161 2420 1374 2478 Episcopo
1391 2424 1576 2479 eligendi

52 2484 95 2517 et
125 2483 316 2531 optenta,
339 2490 416 2530 per
431 2476 543 2518 viam
566 2476 856 2530 compromissi
879 2476 1037 2517 electus
1059 2485 1122 2518 est
1148 2477 1366 2522 Galfridus
1388 2482 1441 2524 de
1467 2483 1576 2524 Bur-

51 2532 152 2584 don,
176 2542 279 2575 tunc
304 2532 509 2589 Supprior
524 2533 844 2584 Dunelmensis,
868 2532 953 2574 cito
974 2543 1070 2588 post
1089 2535 1243 2578 festum
1266 2540 1576 2594 Apostolorum

57 2590 171 2633 Petri
202 2601 246 2633 et
279 2592 416 2641 Pauli,
449 2601 491 2633 et
512 2592 598 2633 cito
619 2601 718 2647 post
738 2592 1010 2633 confirmatus
1032 2593 1251 2646 Dunelmi,
1276 2605 1320 2639 et
1340 2599 1490 2641 eodem
1508 2600 1577 2642 die

53 2648 317 2699 installatus;
351 2649 590 2705 [Episcopo
621 2650 703 2691 hoc
734 2664 789 2691 ex
818 2649 1026 2691 industria
1057 2651 1299 2706 ordinante,
1322 2656 1377 2697 ad
1400 2671 1577 2712 parcen—

54 2707 155 2748 dum
188 2710 409 2764 expensis;
442 2708 541 2764 quia
573 2708 725 2750 domus
762 2723 818 2750 ex
851 2708 986 2750 causis
1019 2710 1219 2765 praefatis,
1255 2721 1297 2755 et
1328 2728 1381 2755 ex
1412 2716 1574 2770 guerris

61 2764 300 2809 Scottorum
337 2766 557 2810 humiliata
595 2775 684 2811 erat
719 2767 854 2809 nimis,
923 2767 1086 2811 Habuit
1111 2769 1234 2813 Prior
1254 2771 1331 2813 istc
1354 2780 1446 2815 toto
1469 2782 1574 2818 tem-
