1807 2962
421 103 700 136 APPENDIX.
731 101 850 134 ANN.
879 98 1201 132 MCCCLXXIV.
1447 84 1576 131 cxliii

45 214 278 258 subsidium
301 211 624 268 percipiendum
645 210 699 252 de
722 209 820 266 ipsis
842 208 950 250 infra
982 207 1222 249 libertatem
1244 205 1492 262 praedictam
1524 206 1578 248 de

45 272 219 328 singulis
242 270 452 327 parochiis
482 272 524 311 in
549 270 687 310 forma
707 267 923 323 praedicta,
951 281 1067 307 mera
1097 274 1142 306 et
1170 273 1406 320 spontanea
1431 265 1580 305 volun-

48 343 137 375 tate
169 345 242 371 sua
278 328 400 370 nobis
422 335 723 370 concesserunt
744 326 987 375 levandum,
1010 324 1125 365 unde
1147 323 1269 365 nobis
1291 323 1345 365 ad
1362 332 1581 377 receptam

55 387 264 432 Scaccarii
287 388 420 428 nostri
440 394 502 428 est
524 399 789 441 responsum,
813 392 943 439 prout
960 381 1271 424 Thesaurarius
1293 390 1439 423 noster
1460 381 1580 422 nobis

51 457 114 490 est
165 446 418 488 testificatus
434 460 445 494 3
497 459 574 485 nos
626 443 817 484 volentes
856 457 936 497 pro
983 440 1296 496 indempnitate
1335 438 1581 494 hujusmodi

51 505 369 562 praedictorum,
438 517 491 544 ne
577 494 794 543 concessio
855 498 1101 554 hujusmodi
1175 498 1298 540 nobis
1363 505 1584 553 gratanter

53 565 179 614 facta,
232 571 305 604 aut
363 561 525 603 levacio
576 575 647 601 seu
700 557 861 599 solucio
912 557 1089 598 subsidii
1137 556 1333 613 praedicti
1384 555 1457 606 eis,
1510 564 1584 596 aut

54 636 200 664 eorum
218 619 461 662 haeredibus
484 618 526 659 in
543 618 824 674 prejudicium
839 615 993 658 cedant
1008 616 1049 656 in
1063 615 1253 656 futurum
1275 614 1466 670 graciose
1487 628 1587 669 pro-

54 680 217 730 videre,
241 677 525 720 concessimus
558 691 637 732 pro
658 675 781 716 nobis
808 682 851 716 et
887 674 1130 717 haeredibus
1152 673 1308 715 nostris
1329 673 1487 715 eisdem
1511 673 1589 713 ho-

55 738 239 781 minibus
261 746 303 779 et
335 750 481 778 eorum
515 734 755 776 haeredibus
777 734 894 789 quod
915 732 1132 774 concessio
1153 733 1241 773 sive
1270 730 1505 787 imposicio‚
1529 730 1590 771 le-

56 796 178 838 vacio
195 811 269 837 seu
284 793 445 835 solucio
466 791 640 834 subsidii
655 791 863 847 praedicti,
880 800 926 833 ut
947 792 1199 846 praedictum
1214 798 1292 841 est,
1307 789 1460 831 futuris
1483 801 1589 830 tem-

57 854 231 911 poribus
281 852 455 894 minime
495 851 691 892 trahatur
730 849 773 890 in
815 851 1172 906 consequenciam
1212 856 1286 890 aut
1327 847 1589 902 exemplum.

62 912 150 956 Sed
183 911 389 961 volumus,
428 918 471 952 et
504 909 663 951 eisdem
700 906 943 949 hominibus
980 907 1266 958 concedimus,
1291 906 1407 963 quod
1439 905 1516 961 ipsi
1547 914 1592 947 et

59 970 251 1012 haeredes
288 968 351 1009 sui
386 968 496 1010 adeo
530 967 650 1009 liberi
687 966 772 1008 sint
793 980 962 1007 exnunc
984 966 1091 1008 sicut
1112 966 1241 1007 iidem
1263 964 1457 1006 homines
1493 972 1593 1005 ante

61 1028 378 1071 concessionem
415 1041 487 1067 seu
521 1024 840 1080 imposicionem
872 1024 1096 1079 praedictas
1118 1025 1381 1072 extiterunt3
1413 1032 1454 1064 et
1478 1022 1595 1079 quod

63 1087 143 1142 ipsi
166 1087 383 1128 libertates
413 1092 457 1125 et
487 1083 710 1140 privilegia
746 1097 821 1123 sua
841 1083 967 1137 plene
990 1083 1191 1133 habeant,
1216 1091 1258 1124 et
1279 1082 1339 1123 eis
1361 1081 1415 1123 de
1437 1090 1595 1122 caetero

62 1146 194 1187 libere
225 1143 442 1201 gaudeant
473 1152 515 1183 et
537 1151 739 1189 utantur3
771 1140 1078 1197 regalitatibUS,
1103 1140 1414 1196 superioritate,
1439 1148 1481 1180 et
1502 1139 1595 1180 aliis

57 1204 223 1261 juribus
257 1216 428 1243 corouae
464 1210 620 1241 nostrae
654 1199 777 1240 nobis
814 1207 858 1239 et
890 1198 1132 1240 haeredibus
1162 1198 1316 1239 nostris
1338 1198 1379 1238 in
1401 1197 1596 1238 omnibus

65 1276 233 1317 semper
270 1259 408 1300 salvis.
474 1259 525 1300 In
560 1259 678 1314 cujus
715 1256 776 1298 rei
810 1256 1099 1298 testimonium
1136 1257 1211 1298 has
1247 1256 1409 1298 litteras
1430 1264 1595 1297 nostras

65 1319 157 1361 fieri
179 1319 354 1360 fecimus
376 1324 587 1372 patentes.
651 1315 784 1357 Teste
806 1329 873 1355 me
892 1314 984 1370 ipso
1006 1315 1122 1371 apud
1145 1315 1597 1363 westmonasterium,

67 1393 128 1419 xx
164 1377 233 1419 die
274 1375 547 1425 NovembriS,
586 1389 700 1415 auno
734 1373 853 1427 regni
890 1374 1024 1414 nostri
1061 1373 1233 1430 Angliae
1270 1372 1598 1430 quadragesimo

68 1446 232 1487 octavo,
256 1435 377 1491 regni
400 1447 501 1474 vero
523 1431 657 1474 nostri
679 1431 713 1472 F
716 1430 871 1473 ranciae
894 1430 1107 1473 tricesimo
1128 1431 1293 1490 quinto.
1359 1432 1443 1474 Per
1460 1430 1598 1472 consi-

72 1495 192 1537 lium.
256 1491 460 1548 Spaigne.

188 1703 338 1733 CXXVI.
390 1701 659 1730 PROHIBICIO
711 1702 882 1731 DOMINI
931 1703 1066 1730 REGIS
1117 1702 1484 1731 ARCHIEPISCOPO

190 1760 475 1789 EBORACENSI
509 1760 566 1788 UT
589 1760 682 1788 NON
708 1761 947 1788 VISITARET
969 1761 1286 1789 EPISCOPATUM
1310 1761 1485 1790 DUNEL-

192 1818 399 1848 MENSEM.

677 1879 780 1924 [neg.
801 1880 852 1913 11.
866 1879 889 1912 f.
903 1880 998 1921 294.]

137 1957 389 2007 Edwardus,
415 1956 498 1998 Dei
529 1956 673 2011 gracia
703 1972 782 1999 rex
820 1957 990 2012 Angliae
1027 1967 1070 2000 et
1103 1958 1308 2009 Franciae‚
1342 1966 1385 2000 et
1408 1957 1603 2000 dominus

80 2017 320 2068 Hiberniae,
346 2015 576 2058 venerabili
598 2015 639 2056 in
664 2016 836 2057 Christo
869 2015 979 2071 patri
1003 2017 1266 2068 Alexandro,
1290 2018 1440 2058 eadem
1462 2016 1607 2074 gracia

80 2075 417 2131 Archiepiscopo
441 2073 717 2125 Eboracensi,
744 2074 914 2131 Angliae
935 2074 1119 2130 primati,
1143 2076 1334 2117 salutem.
1416 2076 1488 2118 Ad
1510 2090 1610 2116 nos-

81 2145 191 2176 trum
225 2133 417 2189 pervenit
454 2131 645 2173 auditum
677 2133 793 2189 quod
817 2146 904 2183 VOS,
939 2133 1081 2174 colore
1104 2133 1367 2189 quarundam
1389 2134 1609 2175 literarum

81 2191 197 2233 vobis
220 2207 244 2233 a
265 2191 441 2233 domino
454 2205 620 2231 summo
633 2190 842 2232 Pontifice
859 2191 1210 2242 transmissarum,
1230 2192 1387 2233 clerum
1412 2202 1454 2233 et
1475 2206 1612 2246 popu-

80 2251 168 2291 lum
195 2249 491 2291 Dunelmensis
523 2248 740 2290 dioceseos
765 2248 945 2299 visitare,
969 2258 1012 2290 et
1034 2250 1358 2304 procuraciones
1380 2251 1433 2291 ab
1456 2250 1610 2291 eodem

83 2308 197 2349 clero
229 2316 272 2348 et
304 2307 489 2349 diversas
513 2306 787 2361 pecuniarum
809 2322 990 2348 summas
1013 2322 1038 2347 a
1059 2308 1218 2362 populo
1235 2307 1442 2362 praedicto
1465 2315 1610 2348 extor-

84 2381 228 2422 quere,
253 2373 294 2406 et
320 2365 403 2406 alia
434 2365 627 2406 inaudita
663 2374 707 2406 et
743 2364 912 2405 insolita
942 2364 1101 2406 ibidem
1124 2374 1370 2420 perpetrare
1393 2364 1611 2406 intenditis

85 2424 208 2465 aliter
229 2438 355 2479 quam
373 2439 397 2464 a
414 2431 620 2477 ternpore,
645 2424 765 2478 cujus
787 2423 988 2463 contrarii
1007 2423 1210 2464 memoria
1231 2438 1315 2464 non
1338 2423 1495 2472 existit,
1518 2422 1612 2464 fieri

86 2492 149 2523 est
172 2489 420 2522 consuetum
439 2496 450 2530 3
485 2495 741 2536 quamquam
767 2480 1015 2521 venerabilis
1039 2490 1158 2535 pater
1189 2480 1425 2536 Episcopus
1448 2481 1615 2522 Dunel-

85 2539 237 2581 mensis
274 2554 415 2580 comes
446 2539 657 2594 palatinus
687 2537 857 2588 existat,
882 2538 1314 2595 jurisdiccionemque
1337 2539 1616 2594 temporalem

86 2598 128 2639 in
152 2612 297 2639 omnes
319 2606 362 2638 et
379 2596 566 2651 singulos
585 2596 775 2638 subditos
797 2611 894 2637 suos
916 2596 1122 2638 libertatis
1146 2597 1446 2639 Dunelmensis
1469 2606 1618 2638 aucto-

88 2656 213 2697 ritate
255 2657 372 2710 regia
408 2655 617 2705 habuerit,
656 2654 829 2710 ipseque
871 2662 914 2695 et
955 2654 1274 2709 predecessores
1315 2656 1393 2706 sui,
1426 2655 1616 2710 episcopi

91 2712 771 2769 DunelmenseS,jurisdiccionem
791 2712 1032 2767 hujusmodi
1049 2713 1090 2753 in
1106 2713 1296 2755 subditos
1311 2728 1407 2755 suos
1425 2715 1613 2770 ejusdem

89 2771 296 2814 libertatis
315 2787 339 2814 a
356 2780 548 2827 tempore
563 2770 768 2828 praedicto
786 2785 953 2826 semper
967 2770 1183 2822 hactenus,
1201 2781 1400 2829 tanquam
1423 2786 1616 2828 personae
