1807 2962
454 107 733 139 APPENDIX.
771 105 892 137 ANN.
923 106 1240 140 MCCCLXXIV.
1518 98 1609 145 cxli

75 231 165 257 ram
184 214 225 256 in
252 214 435 256 Galilaea
455 223 600 256 nostra
620 212 825 269 praedicta
846 213 887 255 in
907 222 1025 269 parte
1046 215 1231 265 australi,
1255 215 1327 257 ubi
1349 231 1421 258 vos
1439 219 1607 275 cupitis,

75 282 199 329 grato
235 288 445 316 consensu
479 283 523 315 et
556 271 746 315 unanimi
781 272 1051 325 conferimus,
1083 288 1161 329 per
1186 283 1434 330 praesentes,
1493 279 1611 321 Data

76 334 155 374 &c-

194 577 345 605 CXXIV.
384 576 484 604 HAEC
518 574 635 603 SUNT
669 572 820 602 OPERA
843 574 946 606 QUAE
970 576 1112 604 FACTA
1135 576 1356 607 FUERUN'P
1377 580 1495 608 TEM-

192 636 312 663 PORE
345 634 578 663 JOHANNIS
612 632 779 660 FOSSOR
823 632 1052 665 QUONDAM
1084 636 1271 665 PRIORIS
1313 638 1492 667 DUNEL-

194 694 373 731 MENSIS,
398 693 539 721 INFRA
558 692 614 719 ET
638 691 801 721 EXTRA.

598 795 685 836 [Ex.
705 795 801 840 Orig.
821 793 903 828 Rot.
921 794 1003 830 Loc.
1020 797 1087 838 2⁰.]

192 904 246 944 59
282 913 433 942 OPERA
466 912 609 940 FACTA
643 912 783 940 INTRA
817 913 874 940 ET
906 912 1057 941 EXTRA
1077 914 1299 943 TEMPORE
1322 916 1497 945 JOHAN-

382 971 456 999 Nis
479 970 649 999 Fossun
672 971 872 1002 PRIORIS.
935 961 1028 1011 [Em
1047 961 1167 1001 dorso
1187 961 1308 1014 ΕΘΛ]

139 1075 282 1116 Primo
303 1073 565 1124 Lardariam‚
585 1089 681 1130 quae
700 1082 877 1116 vocatur
896 1075 1169 1117 Sclauterhus
1189 1091 1199 1125 3
1233 1085 1274 1119 et
1292 1093 1418 1120 unam
1435 1080 1610 1122 domum

75 1148 154 1188 pro
188 1133 378 1188 plumbo,
444 1133 554 1174 Item
592 1133 696 1173 duas
730 1132 920 1188 proprias
956 1148 1157 1185 cameras,
1195 1135 1354 1178 scilicet
1395 1139 1524 1180 altam
1566 1149 1610 1181 et

75 1192 254 1241 bassam,
289 1201 332 1232 et
363 1205 509 1231 omnes
542 1190 748 1232 fenestras
781 1206 879 1232 cum
912 1190 1033 1233 vitro.
1096 1193 1207 1234 Item
1233 1194 1453 1250 Capellam
1475 1212 1608 1240 suam.

76 1250 189 1290 Item
222 1264 424 1303 magnum
456 1249 591 1289 orium
613 1263 692 1303 pro
712 1249 828 1290 foeno
852 1249 1108 1291 Ostellariae.
1172 1251 1282 1292 Item
1306 1268 1503 1310 maguam
1526 1265 1610 1298 sta-

74 1308 219 1349 bulam
251 1316 295 1348 et
317 1322 443 1348 unam
468 1307 672 1362 foi-geam.
738 1307 847 1348 Item
871 1323 1003 1348 unum
1024 1308 1148 1365 gavel
1170 1311 1343 1364 capellae
1365 1328 1490 1368 super
1510 1329 1612 1369 por-

77 1375 177 1410 tam.
244 1365 355 1407 Item
390 1380 521 1406 unum
556 1380 756 1419 magnum
792 1365 867 1406 ruf
893 1380 1020 1421 super
1046 1366 1277 1411 bracinam.
1343 1370 1454 1412 Item
1477 1387 1610 1414 unum

74 1424 149 1467 ruf
164 1439 290 1480 super
311 1423 545 1478 pistrinam.
610 1423 719 1465 Item
742 1438 871 1465 unam
893 1439 1105 1466 cameram
1127 1441 1223 1482 quae
1241 1436 1417 1470 vocatur
1440 1430 1609 1472 Lehum

75 1486 193 1536 [itaJ.
262 1482 371 1523 Item
403 1497 532 1522 unum
564 1482 776 1523 mallthus.
842 1482 950 1524 Item
982 1498 1111 1524 unam
1133 1499 1331 1541 magnam
1354 1488 1607 1542 granariam.

76 1541 188 1582 Item
211 1556 337 1581 unam
360 1540 646 1581 molendinam
669 1540 856 1582 totaliter
876 1555 1029 1582 novam
1048 1542 1102 1582 de
1121 1550 1245 1584 terra.
1299 1545 1406 1587 Item
1425 1547 1609 1589 meldam

74 1600 175 1654 ijxx
218 1599 320 1648 stite,
346 1607 479 1639 totam
517 1613 686 1642 novam.
752 1599 862 1640 Item
897 1601 1034 1640 orium
1067 1600 1121 1641 de
1163 1601 1431 1648 Hestrinton.
1499 1605 1609 1647 Item

75 1657 210 1698 orium
246 1657 299 1698 dc
335 1657 555 1700 Alverton.
620 1657 732 1698 Item
764 1657 807 1697 in
845 1658 1094 1713 Beurepayr
1131 1659 1235 1701 duas
1267 1660 1430 1718 deyhus
1461 1679 1608 1715 novaS‚

73 1725 212 1757 totum
245 1714 431 1770 sowtsyd
466 1715 582 1755 silvae
617 1723 659 1756 et
694 1729 825 1756 murae
859 1715 971 1756 circa
1003 1717 1166 1768 silvam,
1201 1727 1245 1760 et
1265 1721 1459 1775 quaesivit
1483 1738 1609 1764 unam

74 1773 305 1829 quarellam
328 1774 570 1816 sclatstane.
638 1773 745 1813 Item
769 1782 944 1828 pontem
965 1774 1019 1815 de
1049 1775 1294 1832 sscurepayr
1314 1794 1442 1834 super
1466 1781 1608 1823 Brone

74 1842 118 1872 et
139 1847 268 1873 unum
287 1831 457 1881 orrium,
472 1831 768 1888 Westflodgat.
835 1832 943 1873 Item
962 1841 1095 1874 totam
1119 1835 1347 1877 maneriam
1369 1838 1422 1879 de
1449 1839 1612 1882 Beure-

73 1905 150 1946 par
181 1898 276 1945 post
307 1904 534 1931 ressessum
572 1889 832 1940 Scottorum,
867 1900 910 1931 et
945 1906 1076 1932 unum
1102 1908 1305 1948 magnum
1325 1896 1406 1951 byr
1427 1906 1469 1938 et
1493 1898 1512 1952 j
1537 1906 1609 1940 cot

73 1964 152 2004 pro
184 1948 348 1992 ovibus.
416 1948 524 1989 Item
546 1956 684 1989 totum
707 1963 855 1989 corum
877 1949 1067 1990 eeclesiae
1090 1951 1144 1991 de
1169 1952 1389 2008 Petynton
1411 1965 1454 1997 et
1474 1971 1608 1998 unum

74 2007 211 2063 porg'‚
247 2016 289 2048 et
318 2006 540 2062 cooperuit
571 2006 724 2047 aulam.
789 2006 898 2048 Item
920 2009 1059 2049 orium
1082 2008 1135 2050 de
1160 2009 1392 2067 Petynton‚
1416 2023 1460 2054 et
1483 2029 1610 2057 unam

74 2064 377 2115 molendinam‚
421 2074 464 2106 et
498 2067 515 2121 j
557 2064 769 2106 bachows.
834 2066 945 2107 Item
986 2081 1111 2108 unam
1149 2069 1360 2111 stabulam
1397 2080 1439 2113 et
1475 2088 1609 2115 unum

74 2123 238 2180 deyhus
270 2123 323 2165 de
360 2123 590 2179 Petynton.
659 2123 768 2164 Item
795 2139 924 2165 unam
946 2140 1140 2180 magnam
1164 2128 1373 2170 stabulam
1395 2144 1471 2183 pro
1493 2132 1612 2186 pala-

72 2181 203 2232 ssidis,
239 2190 282 2222 et
312 2196 441 2222 unam
474 2180 713 2238 coquinam.
777 2182 886 2223 Item
918 2198 1127 2225 cameram
1158 2200 1277 2227 suam
1299 2187 1353 2228 de
1377 2188 1610 2244 Petynt0n‚

77 2240 186 2281 Item
227 2255 439 2281 cameram
481 2255 652 2281 suorum
694 2255 970 2282 monacorum
1013 2242 1067 2283 de
1113 2243 1345 2299 Petynton.
1419 2246 1528 2288 Item
1566 2249 1610 2288 in

73 2298 261 2339 manerio
292 2298 346 2338 de
381 2299 555 2339 Ranton
586 2313 719 2338 unum
749 2313 949 2353 magnum
972 2301 1123 2344 orium.
1188 2302 1298 2342 Item
1322 2303 1612 2347 molendinam

73 2355 128 2397 de
164 2355 350 2399 Ranton.
418 2356 528 2397 Item
558 2355 601 2396 in
633 2356 820 2397 manerio
852 2357 905 2398 de
939 2357 1100 2399 Dalton
1122 2373 1252 2399 unum
1276 2374 1433 2401 novum
1455 2362 1608 2415 orium,

75 2414 187 2455 Item
228 2413 367 2454 aulam
410 2422 453 2454 et
493 2428 700 2454 cameram
742 2413 796 2454 de
841 2414 1018 2458 Dalton.
1090 2416 1200 2457 Item
1240 2417 1282 2457 in
1324 2420 1515 2462 manerio
1556 2422 1611 2464 de

78 2472 287 2513 Heuwort
309 2471 449 2512 aulam
471 2480 515 2512 et
536 2473 710 2512 orrium.
772 2472 884 2513 Item
908 2488 1033 2514 unam
1056 2474 1346 2516 molendinam
1368 2478 1611 2533 aquaticam

74 2531 129 2571 de
165 2530 392 2573 Heuwort.
458 2529 567 2570 Item
598 2528 642 2570 in
672 2530 864 2571 manerio
885 2530 938 2571 de
960 2531 1205 2587 Wyvystow
1236 2549 1363 2575 unam
1385 2537 1610 2591 capellam.

79 2588 186 2630 Item
219 2602 427 2629 cameram
460 2602 580 2628 suam
612 2602 708 2629 cum
741 2587 767 2642 ij
803 2588 979 2629 latrinis.
1044 2589 1150 2630 Item
1174 2606 1302 2632 unum
1320 2593 1400 2648 byr
1421 2603 1463 2635 et
1480 2611 1610 2637 unam

75 2646 298 2690 stabulam.
364 2646 474 2688 Item
509 2660 640 2686 unum
674 2645 748 2686 ruf
774 2646 829 2687 de
866 2662 1023 2704 magno
1055 2648 1181 2692 orrio.
1250 2649 1359 2691 Item
1392 2663 1534 2706 portas
1567 2664 1611 2697 et

76 2704 378 2747 molendinam.
449 2704 556 2745 Item
579 2719 711 2745 unum
734 2703 871 2745 orium
895 2720 972 2760 pro
994 2705 1161 2748 decima
1182 2707 1235 2748 de
1262 2708 1442 2752 Harton.
1497 2713 1608 2754 Item

77 2777 202 2804 unam
244 2777 397 2804 novam
439 2762 726 2804 molendinam
768 2763 881 2817 apud
931 2764 1107 2819 Sutwyk
1150 2766 1425 2810 ventulatam.
1500 2770 1609 2812 Item
