1807 2962
455 51 725 84 APPENDIX.
765 51 885 83 ANN.
914 50 1247 82 mccccxxxn.
1451 36 1617 83 ccxxiii

206 367 355 397 CXCIX.
392 366 559 394 LITERA
574 366 803 395 JOIIANNIS
820 366 1175 394 ARCIIIEPISCOPI
1192 365 1505 394 EBORACENSIS

206 425 434 453 CONCESSA
470 425 740 453 GUARDIANO
781 425 1000 453 COLLEGII
1034 424 1366 452 MONACHORUM
1390 425 1507 451 DUN-

207 483 483 510 ELMENSIUM
508 483 556 510 IN
582 483 758 510 OXONIA
781 483 838 509 AD
863 482 1221 511 COMPARENDUM
1245 482 1292 509 IN
1317 482 1507 509 SYNODlS
1618 473 1626 524 ἱ

206 540 264 568 ΕΤ
287 541 721 569 CONVOCACIONIBUS
746 540 884 568 CLERI
908 540 1221 568 EBORACENSIS
1245 540 1335 567 PER
1358 540 1508 567 SUFFI-

205 598 410 626 CIENTEM
434 598 829 627 PROCURATOREM.

327 691 438 734 [Cart.
455 691 527 725 111.
544 691 602 725 fol.
619 694 682 729 271
701 693 747 732 b.‚
763 695 799 725 et
816 692 911 736 Orig.
927 694 958 724 2.
975 694 1008 724 3.
1024 691 1233 736 Archiepisc.
1250 692 1293 725 E.
1316 692 1361 733 1.]

143 785 361 827 ,Iohannes
401 784 679 840 permissione
722 783 878 825 Divina
932 783 1211 826 Eboracensis
1253 784 1622 841 Archiepiscopus,

91 844 260 898 Angliae
296 845 468 898 primas,
503 852 547 884 et
583 841 830 898 apostolicae
852 842 963 883 sedis
996 843 1173 896 legatus,
1197 842 1354 884 dilecto
1383 843 1425 884 in
1452 845 1624 886 Christo

87 901 178 942 filio
217 901 355 942 Priori
395 900 577 955 Collegii
621 900 935 941 Monachorum
974 900 1332 941 Dunelmensium
1366 901 1408 941 in
1435 902 1621 953 Oxonia,

88 959 283 1000 ecclesias
306 959 569 1014 parochiales
591 959 645 999 de
668 958 848 1007 Bossall‚
877 958 1132 1008 Fisshelake,
1157 967 1200 999 et
1224 958 1503 1014 Rodyngton,
1529 976 1626 1001 nos-

88 1025 168 1058 trae
200 1017 431 1067 dioceseos,
470 1016 513 1057 in
544 1016 737 1071 proprios
771 1031 867 1056 usus
890 1016 1114 1066 obtinenti,
1139 1016 1330 1066 salutem,
1354 1019 1556 1071 graciam,
1580 1029 1624 1059 et

87 1074 450 1118 benediccionem.
517 1075 637 1115 Fusis
658 1074 778 1115 nobis
799 1089 876 1128 pro
898 1082 1019 1129 parte
1042 1084 1178 1115 vestra
1198 1074 1395 1129 precibus
1412 1076 1624 1117 favorabi-

86 1132 185 1173 liter
206 1132 408 1183 inclinati,
435 1140 481 1174 ut
503 1132 546 1173 in
568 1134 721 1174 nostris
744 1131 901 1174 sinodis
935 1141 977 1173 et
1007 1132 1107 1172 cleri
1130 1132 1511 1175 convocacionibus
1534 1134 1626 1190 qui-

87 1191 364 1246 buscumque,
389 1190 642 1232 auctoritate
674 1199 821 1232 nostra
856 1189 1134 1239 celebrandis,
1158 1204 1405 1244 comparere
1427 1206 1624 1245 persona-

89 1261 154 1290 ter
187 1248 361 1289 minime
398 1248 627 1290 teneamini
665 1249 768 1289 dum
803 1257 946 1288 tamen
977 1262 1054 1302 per
1075 1256 1398 1302 procuratorem
1419 1249 1625 1290 idoneum

88 1306 346 1347 sufficienter
367 1306 645 1360 compareatis
667 1306 710 1346 in
733 1305 905 1355 eisdem,
929 1305 1149 1346 licenciam
1173 1315 1319 1346 tenore
1341 1307 1624 1360 praesencium

89 1364 358 1405 concedimus
380 1364 604 1419 specialem
626 1379 704 1419 pro
726 1371 872 1404 nostro
892 1363 1161 1417 beneplacito
1179 1363 1438 1407 duraturam.
1506 1364 1625 1406 Data

90 1421 288 1472 Eboraci,
322 1431 474 1463 octavo
506 1421 574 1463 die
612 1421 766 1463 mensis
806 1421 1018 1470 Octobris,
1055 1435 1165 1461 anno
1190 1420 1366 1461 Domini
1401 1421 1624 1464 millesimo

92 1487 251 1521 ccccm⁰
280 1479 492 1522 tricesimo
515 1480 716 1531 secundo,
741 1487 784 1522 et
806 1487 963 1520 nostrae
985 1477 1279 1520 translacionis
1302 1487 1467 1521 octavo.

207 1802 271 1830 CC·
306 1801 475 1829 LITERA
506 1800 678 1829 DOMINI
701 1800 883 1828 PRIORIS
906 1800 1038 1828 MISSA
1059 1801 1228 1829 ABBATI
1252 1802 1310 1830 DE
1335 1804 1506 1832 SANCTO

760 1858 962 1888 ALBANO.

642 1950 746 1995 [Reg.
762 1951 815 1983 11.
833 1951 932 1983 Parv.
950 1950 975 1983 f.
990 1952 1062 1993 69.]

152 2043 525 2085 Reverendissime
557 2051 680 2099 pater
713 2052 755 2085 et
788 2044 973 2095 domine,
998 2045 1108 2086 inter
1142 2046 1275 2088 nostri
1310 2047 1483 2090 Ordinis
1507 2052 1629 2094 Praems

89 2101 197 2142 latos
220 2101 322 2142 mihi
344 2101 717 2152 confidentissime,
737 2101 858 2143 vobis
880 2117 948 2143 me
970 2103 1168 2144 humilius
1190 2119 1276 2160 quo
1292 2115 1444 2160 potero
1463 2123 1624 2151 recom=

89 2159 262 2209 mendo,
306 2174 403 2200 cum
444 2159 557 2200 omni
599 2159 938 2214 promptitudine
981 2161 1174 2216 obsequii
1214 2172 1256 2202 et
1306 2162 1493 2215 honoris,
1547 2183 1625 2221 pro

91 2216 254 2257 solaciis
286 2225 328 2257 et
349 2216 681 2270 gratitudinibus
704 2217 806 2257 mihi
828 2226 872 2258 et
891 2217 1010 2267 meis,
1033 2218 1194 2259 vicibus
1217 2219 1377 2261 iteratis
1399 2224 1624 2276 magnifice

90 2273 304 2328 impensis,
327 2274 503 2327 gracias,
527 2289 630 2329 quas
667 2273 843 2323 sufficio,
874 2274 1100 2315 referendo
1136 2276 1355 2317 cordiales.
1417 2279 1626 2324 Procura-

92 2330 247 2373 torium
270 2345 348 2384 per
369 2345 443 2371 vos
463 2331 752 2372 transmissum
769 2330 973 2372 libencius
995 2331 1186 2385 sigillavi,
1201 2333 1357 2374 divinae
1379 2335 1624 2380 clemenciae

90 2388 241 2429 laudes
273 2387 561 2442 impendendo
593 2388 834 2437 viscerosaS,
859 2403 955 2443 quae
975 2397 1121 2430 nostro
1147 2389 1299 2430 Ordini
1322 2398 1406 2432 tam
1431 2396 1624 2450 egregios

93 2445 287 2486 dominos
320 2454 364 2485 et
395 2445 592 2499 praelatos
615 2445 798 2500 providit
819 2445 862 2485 in
884 2446 1220 2496 ambassiatores,
1244 2462 1319 2502 per
1339 2463 1460 2503 quos,
1487 2461 1530 2493 ut
1553 2454 1626 2494 fir-

93 2503 324 2544 missimam
359 2517 463 2559 gero
485 2503 628 2553 fidem,
652 2503 789 2544 cultus
809 2503 1069 2544 monachicae
1094 2503 1362 2558 professionis
1383 2510 1624 2565 augebitur,

97 2569 140 2601 et
170 2569 316 2601 nostra
347 2560 495 2614 religio
528 2559 657 2602 illaesa
689 2561 1010 2601 conservabitur
1047 2570 1089 2601 et
1127 2561 1381 2616 indempnis.
1448 2567 1504 2607 Et
1527 2568 1626 2622 quia

98 2631 153 2658 ex
190 2616 317 2658 vestri
354 2617 497 2658 nuncii
531 2618 680 2669 relatu,
717 2617 892 2672 concepi
930 2618 1070 2673 aliqua
1107 2627 1250 2660 nostro
1279 2620 1428 2663 Ordini
1463 2627 1622 2678 gravia,

98 2674 399 2729 prejudicialia,
424 2683 464 2717 et
497 2675 708 2730 injuriosa,
733 2675 775 2716 in
797 2674 912 2718 curia
939 2675 1132 2718 Romana
1155 2677 1215 2718 ve]
1242 2676 1283 2719 in
1307 2681 1481 2723 consilio
1505 2682 1625 2725 Basi„
