1807 2962
209 103 401 152 CCCClVi·
506 121 641 155 HIST.
668 121 910 156 DUNELM.
947 122 1255 157 SCRIPTORES
1291 123 1432 157 TRES.

434 418 581 446 CCCLV.
613 418 837 447 VISITATIO
861 419 1039 448 ECCLES.
1063 418 1274 449 DUNELM.
1337 418 1496 447 MDLVI.

290 514 412 555 [From
438 524 480 546 an
508 514 686 557 imperfect
710 525 813 557 paper
836 515 932 553 book,
949 516 983 546 in
1009 514 1068 546 the
1085 512 1181 545 office
1198 513 1237 546 of
1248 514 1308 546 the
1323 515 1499 555 Registrar
1515 513 1554 547 of
1571 513 1632 547 the

676 560 775 592 Dean
798 561 864 592 and
884 561 1042 603 Chapter.
1088 559 1165 594 Fol.
1182 561 1253 602 30.]

258 651 521 693 Cuthbertus
537 650 814 707 permissione
832 652 976 693 divina
995 652 1297 693 Dunelmensis
1312 651 1553 707 Episcopus
1564 652 1719 694 dilecto

194 709 317 750 nobis
346 709 388 749 in
434 710 604 751 Christo
638 711 866 751 venerabili
910 711 1001 751 viro
1038 710 1240 767 magistro
1284 709 1466 750 Thomae
1510 710 1716 759 Watson,

193 782 324 808 sacrae
357 767 587 825 theologiae
618 769 863 823 professori,
888 769 1067 809 Decano
1090 768 1279 809 ecclesiae
1301 777 1456 809 nostrae
1480 768 1717 809 cathedra-

192 824 241 866 lis
258 825 575 876 Dunelmensis,
600 835 643 867 et
665 826 861 868 omnibus
885 835 926 867 et.
949 826 1124 882 singulis
1143 826 1333 866 ecclesiae
1354 834 1512 867 nostrae
1530 827 1717 867 Canoni-

190 882 248 923 cis
271 892 312 924 et
337 883 648 925 Praebendariis
682 885 735 925 de
760 885 961 938 Capitulo
994 885 1197 939 ejusdem,
1234 884 1425 933 salutem,
1462 883 1642 939 gratiam
1674 891 1717 925 et

189 940 546 985 benedictionem.
614 943 723 984 Cum
746 943 1015 983 ecclesiarum
1055 941 1240 981 visitatio
1277 941 1330 981 ab
1372 941 1575 996 apostolis
1617 942 1715 983 ideo

189 997 383 1040 instituta
404 1001 469 1048 sit,
495 1011 541 1040 ut
570 1000 702 1040 semel
724 1000 989 1053 predicatum
1026 1014 1172 1039 verum
1204 999 1285 1039 Dei
1307 999 1482 1040 verbum
1504 999 1714 1041 firmiores

188 1056 350 1097 radices
372 1057 412 1096 in
431 1058 515 1097 fide
540 1058 700 1098 Christi
724 1058 935 1111 suscipiat,
961 1065 1003 1097 et
1023 1058 1138 1098 bona
1159 1057 1400 1098 communia
1421 1057 1711 1106 ecclesiarum,

187 1115 240 1154 ad
264 1115 348 1155 Dei
370 1114 649 1155 ministerium
683 1115 893 1162 ordinata,
918 1130 1002 1155 non
1035 1115 1089 1156 ad
1122 1116 1308 1169 privatos
1334 1130 1431 1156 usus
1453 1115 1710 1157 transferan-

186 1181 264 1221 tur,
284 1171 357 1212 sed
379 1173 432 1213 ad
455 1187 723 1214 communem
742 1188 863 1214 usum
886 1173 1014 1213 totius
1038 1174 1226 1214 ecclesiae
1250 1173 1435 1214 fideliter
1456 1189 1710 1216 conservem-2

185 1239 264 1279 tur,
289 1237 331 1270 et
352 1245 431 1285 per
453 1231 534 1272 hoc
568 1240 699 1273 status
722 1231 911 1272 ecclesiae
945 1231 1104 1287 absque
1138 1231 1393 1273 detrimento
1415 1241 1705 1287 perpetuetur,

184 1287 293 1335 ideo,
319 1303 409 1338 nos,
437 1289 713 1340 Cuthbertus',
736 1289 1011 1345 permissione
1034 1290 1178 1331 divina
1200 1290 1503 1331 Dunelmensis
1532 1290 1708 1345 Episco*

181 1360 273 1399 pus,
297 1348 603 1402 comperientes
625 1348 666 1388 in
688 1348 766 1389 hac
789 1357 931 1389 nostra
946 1348 1188 1389 visitatione
1207 1363 1304 1389 vasa
1317 1348 1529 1404 quaedam,
1552 1349 1708 1403 partim

181 1418 313 1453 sacra,
338 1404 490 1458 partim
512 1407 746 1461 prophana,
784 1407 837 1447 ad
860 1421 1129 1447 communem
1152 1421 1272 1447 usum
1297 1406 1486 1447 ecclesiae
1509 1422 1533 1447 a
1553 1407 1705 1449 funda-

183 1470 272 1502 tore
296 1463 452 1504 donata
475 1479 579 1514 esse,
604 1465 804 1520 quaejam
845 1480 927 1505 non
965 1474 1227 1519 comparent,
1250 1465 1323 1505 sed
1346 1481 1370 1505 a
1405 1465 1580 1506 Decano
1603 1474 1644 1506 et
1679 1481 1704 1507 a

179 1519 393 1571 tratribus,
418 1522 488 1577 qui
511 1532 612 1564 tunc
636 1523 805 1564 fuerunt
827 1523 879 1563 (le
905 1523 1120 1577 Capitulo,
1147 1532 1345 1578 tanquam
1368 1524 1533 1578 privata
1554 1532 1596 1564 et
1615 1538 1703 1565 non

180 1581 422 1620 communia
457 1581 566 1621 inter
601 1581 717 1635 ipsos
751 1581 976 1622 distributa
1010 1581 1197 1631 fuerunt,
1237 1596 1369 1637 usque
1402 1581 1456 1621 ad
1493 1596 1698 1623 summam

177 1637 444 1693 septuaginta
468 1638 671 1680 librarum
696 1655 740 1680 se
771 1639 1061 1687 extendentia,
1085 1655 1178 1686 nos,
1198 1639 1365 1680 illorum
1389 1640 1701 1681 estimationem

175 1694 477 1736 restituendam
534 1712 624 1738 esse
662 1697 851 1739 ecclesiae
885 1698 936 1738 ab
979 1697 1279 1738 executoribus
1337 1697 1515 1747 Decani,
1572 1698 1700 1739 bonae

177 1753 405 1805 memoriae,
426 1756 497 1810 qui
520 1764 621 1797 tunc
638 1756 731 1806 fuit,
756 1765 797 1796 et
820 1771 845 1796 a
864 1756 1067 1797 fratribus
1089 1755 1281 1810 Capituli
1303 1755 1442 1797 adhuc
1465 1756 1700 1810 superstiti-

176 1810 267 1860 bus,
288 1811 359 1866 qui
377 1821 477 1854 tunc
498 1813 681 1863 fuerunt,
706 1815 818 1855 intra
851 1814 1039 1868 spacium
1063 1814 1245 1854 duorum
1268 1828 1473 1854 annorum
1496 1815 1695 1868 proximo

173 1871 440 1922 sequentium
464 1886 487 1910 a
509 1872 682 1925 singulis
703 1872 918 1921 iratribus,
951 1872 1022 1926 qui
1046 1881 1144 1912 tunc
1178 1871 1351 1912 fuerunt
1388 1872 1441 1912 de
1479 1872 1692 1927 Capitulo,

171 1935 212 1965 et
243 1927 468 1981 participes
500 1929 612 1970 illius
652 1929 964 1970 distributionis
986 1930 1230 1979 extiterunt,
1268 1930 1571 1970 restituendam
1605 1945 1695 1971 esse

171 1982 432 2024 decrevimus
471 1994 513 2026 et
548 1986 826 2043 injungimus3
859 1987 1055 2027 videlicet
1082 2001 1210 2026 unum
1252 1986 1474 2028 dimidium
1516 2002 1693 2028 summae

168 2040 373 2094 predictae
405 2052 504 2083 ante
525 2043 678 2084 ‘festum
704 2044 970 2085 Penticostes
993 2043 1189 2098 proximo
1217 2044 1420 2094 futurum,
1445 2053 1487 2085 et
1509 2045 1692 2087 alterum

168 2098 392 2140 dimidium
414 2110 512 2142 ante
548 2101 699 2143 festum
727 2103 989 2143 Penticostes
1019 2117 1074 2142 ex
1111 2111 1211 2143 tunc
1252 2103 1450 2156 proximo
1492 2118 1690 2159 sequenS,

169 2157 283 2212 quod
320 2159 402 2199 erit
434 2158 475 2199 in
511 2174 621 2200 anno
655 2160 831 2200 Domini
866 2160 1092 2200 millesimo
1116 2160 1458 2216 quingentesimo
1480 2161 1688 2217 quinqua-

164 2213 325 2270 gesimo
345 2225 523 2266 octavo;
558 2227 774 2259 monentes
799 2219 1024 2260 Decanum
1046 2227 1089 2259 et
1123 2218 1368 2273 Capitulum
1391 2227 1623 2273 praesentes
1646 2228 1689 2261 et

165 2287 312 2313 eorum
334 2289 607 2326 successores,
627 2286 674 2317 ut
697 2278 905 2317 bonorum
924 2276 1093 2317 illorum
1116 2277 1427 2317 estimationem
1446 2277 1684 2318 restitutam

162 2340 204 2371 et
218 2342 507 2385 recuperatam
530 2334 571 2374 in
589 2350 711 2375 usum
729 2334 917 2376 ecclesiae
932 2335 985 2375 ad
1004 2335 1261 2388 emptionem
1279 2350 1474 2375 saeorum
1490 2350 1685 2377 vasorum

161 2399 477 2444 argenteorum,
501 2391 685 2433 videlicit
708 2392 855 2442 crucis,
882 2392 1099 2442 thuribuli,
1125 2393 1360 2446 phialarum
1378 2402 1451 2434 aut
1468 2407 1682 2434 sacrorum

158 2447 349 2497 calicum,
374 2450 518 2490 statim
541 2460 635 2504 post
657 2459 916 2492 transactum
951 2459 1115 2505 tempus
1138 2451 1439 2505 praestitutum,
1462 2462 1591 2506 prout
1621 2453 1682 2493 eis

159 2506 290 2561 magis
328 2507 531 2561 expedire
568 2509 793 2559 videbitur,
827 2510 940 2549 bona
971 2509 1056 2549 fide
1088 2508 1351 2562 impendant.
1418 2508 1474 2549 Et
1495 2525 1544 2550 ea
1565 2524 1683 2550 sacra

160 2577 271 2611 vasa,
296 2563 353 2603 sic
376 2574 530 2619 empta,
562 2566 615 2606 ad
640 2582 760 2607 usum
783 2567 972 2608 ecclesiae
996 2566 1038 2606 in
1060 2566 1292 2607 ministerio
1314 2565 1458 2606 divino
1480 2567 1680 2608 decenter

159 2621 200 2660 iu
238 2620 428 2662 futurum
463 2625 767 2674 conservanda,
792 2626 896 2665 sicut
932 2625 1073 2665 omnia
1105 2623 1185 2664 alia
1207 2639 1325 2664 sacra
1356 2634 1397 2664 et
1427 2625 1677 2666 vestimenta

152 2678 337 2719 ecclesiae
370 2688 527 2721 nostrae
550 2696 661 2723 nunc
692 2682 736 2723 in
769 2683 915 2723 Indice
947 2691 989 2723 et
1012 2681 1257 2722 luventario
1279 2682 1402 2723 nobis
1422 2681 1615 2723 exhibito
1637 2694 1680 2724 et

151 2750 279 2776 manu
301 2746 445 2778 nostra
466 2739 705 2794 subscripto
722 2749 936 2790 contenta,
954 2739 1206 2780 reservanda
1226 2754 1316 2780 esse
1338 2739 1381 2779 in
1403 2754 1523 2780 usum
1541 2740 1676 2781 eccle-

157 2794 229 2833 siae
258 2792 537 2839 decernimus.
603 2797 660 2839 Et
692 2800 791 2853 quia
811 2798 854 2840 in
876 2797 1054 2853 siugulis
1076 2796 1263 2840 ecclesiis
1285 2796 1461 2839 clericos
1484 2797 1673 2839 ecelesiae
