1807 2962
644 86 924 121 ΑΡΡΕΝΒΙΧ.
1483 73 1557 122 xxi

142 301 224 333 x'n.
258 303 404 332 CARTA
436 302 690 330 WILLIELMI
724 302 772 329 IN
807 301 900 334 QUA
933 302 1164 329 CONCEDIT
1188 302 1325 330 NOBIS
1360 303 1438 329 RE-

143 362 263 391 GIUM
297 360 551 389 MANERIUM
587 360 713 387 SUUM
748 360 993 387 VIDELICET
1026 360 1197 387 VILLAM
1232 361 1288 387 DE
1314 360 1436 387 HEM-

142 419 442 448 MYNGBURGH
487 417 583 445 CUM
636 418 845 446 OMNIBUS
899 418 1335 446 CONSUETUDINIBUS
1382 419 1437 446 ET

144 474 481 506 LIBERTATIBUS
506 476 658 504 REGIIS
682 476 796 508 QUAS
821 477 917 503 IPSE
943 477 1120 504 HABUIT
1145 477 1191 503 IN
1218 477 1286 506 ΕΑ.

614 569 725 609 [Cart.
744 570 818 602 ΙΙΙ.
835 569 856 601 f.
873 565 948 613 69]

86 664 135 708 In
167 667 338 708 nomine
374 666 513 708 Patris
548 674 591 707 et
632 665 726 707 Filii
763 673 806 706 et
841 664 1020 720 Spiritus
1057 666 1215 716 Sancti,
1244 667 1397 708 Amen.
1460 665 1552 720 Ego

25 724 285 767 VVillielmus
303 739 380 766 rex
398 724 649 779 Anglorum,
665 723 1031 777 hereditariojure
1049 723 1198 774 factus,
1217 725 1273 765 do
1287 733 1330 765 et
1344 724 1549 772 concedo,

23 792 66 826 et
96 783 295 838 praesenti
326 792 444 824 carta
473 783 695 832 confirmo,
723 781 819 822 Deo
843 791 887 823 et
908 790 1056 823 sancto
1081 783 1324 824 Cuthberto
1346 791 1389 824 et
1418 781 1552 824 Priori

24 851 66 884 et
98 841 313 883 monachis
345 841 501 882 ibidem
538 841 635 881 Deo
656 839 882 905 servi-turis,
906 839 947 880 in
970 851 1218 895 perpetuam
1241 850 1283 882 et
1298 855 1443 896 puram
1468 841 1552 882 ele-

22 899 243 950 mosinam,
286 900 367 941 hoc
407 898 568 954 regium
612 899 845 939 manerium
883 913 1037 948 meum,
1077 898 1271 940 videlicet
1314 898 1454 940 villam
1498 899 1551 939 de

25 957 431 1022 Hemmyngburgh
475 972 569 998 cum
611 956 727 997 omni
765 966 876 997 terra
912 956 966 998 de
1005 957 1334 1008 Brachenholm,
1374 967 1418 999 et
1453 973 1550 998 cum

23 1017 220 1057 omnibus
256 1015 379 1057 terris
420 1015 729 1070 adjacentibus,
769 1030 865 1056 cum
889 1015 1067 1056 ecclesia
1101 1016 1212 1056 villae
1248 1015 1468 1072 praedictae
1506 1026 1548 1057 et

24 1074 186 1116 cunctis
217 1074 344 1115 rebus
366 1073 505 1115 eidem
527 1072 869 1138 pertinentibus;
894 1072 935 1113 in
953 1074 1053 1114 bos(
1057 1089 1082 1114 0
1106 1083 1148 1115 et
1170 1074 1314 1129 plano,
1350 1075 1478 1115 moris
1501 1089 1550 1115 ac

21 1141 161 1188 prato,
184 1133 226 1173 in
249 1131 362 1173 silvis
385 1141 428 1173 et
449 1131 687 1187 paludibuS‚
714 1131 846 1187 aquis,
872 1131 1137 1181 molendinis,
1163 1142 1236 1173 aut
1258 1133 1429 1188 stagnis,
1454 1148 1550 1173 cum

23 1206 135 1232 merc
167 1200 209 1232 et
245 1203 373 1240 mere,
398 1199 441 1231 et
463 1205 531 1231 sac
554 1199 595 1230 et
617 1204 743 1230 soene
765 1198 808 1230 et
830 1189 889 1229 tol
913 1198 956 1230 et
979 1199 1088 1231 team
1111 1199 1153 1231 et
1175 1190 1483 1248 infangenthef,
1509 1200 1553 1231 et

23 1249 218 1290 omnibus
241 1250 366 1289 rectis
389 1248 530 1288 divisis
553 1248 667 1302 ejus;
691 1248 750 1288 ita
769 1248 877 1288 bene
900 1257 940 1288 et
963 1248 1104 1303 quiete
1127 1258 1170 1290 et
1192 1248 1323 1290 libere
1345 1264 1439 1289 cum
1463 1264 1553 1289 rec-

22 1307 273 1349 titudinibus
307 1316 349 1347 et
382 1307 578 1347 omnibus
611 1305 985 1346 consuetudinibus
1017 1305 1125 1347 sicut
1159 1322 1340 1362 unquam
1370 1308 1550 1348 Sanctus

25 1365 285 1408 cuthbertus
322 1364 421 1406 alias
460 1372 595 1405 terras
627 1378 721 1404 suas
759 1363 908 1404 melius
946 1372 989 1404 et
1030 1363 1212 1419 quietius
1250 1364 1413 1415 habuit,
1453 1380 1551 1406 cum

22 1423 216 1464 omnibus
248 1422 626 1464 consuetudinibus
657 1421 783 1478 regiis
816 1431 858 1463 et
890 1421 1171 1473 libertatibus,
1195 1438 1298 1479 quas
1320 1439 1401 1477 ego
1423 1422 1554 1464 habui

21 1482 64 1522 in
86 1482 187 1536 ipso,
213 1482 314 1522 dum
338 1481 441 1522 illud
465 1489 559 1536 post
582 1481 802 1521 victoriam
822 1480 991 1534 Angliae
1014 1480 1055 1520 in
1076 1496 1198 1522 manu
1219 1482 1390 1547 propria
1408 1481 1550 1530 tenui3

21 1554 97 1594 per
118 1540 284 1581 easdem
308 1539 461 1580 divisas
483 1539 634 1595 quibus
657 1554 737 1594 ego
761 1541 861 1592 ipse,
886 1554 955 1579 seu
980 1549 1078 1580 ante
1100 1554 1167 1580 me
1184 1542 1360 1581 comites
1378 1540 1551 1580 Tostius

21 1598 89 1639 xel
125 1597 352 1647 Siwardus,
386 1597 522 1652 ipsum
544 1597 779 1638 maneiium
803 1596 1028 1640 tenuimus.
1096 1598 1152 1638 Et
1176 1598 1208 1639 si
1231 1599 1321 1654 quis
1345 1598 1386 1638 in
1408 1607 1552 1651 poste-

20 1671 114 1697 rum
147 1656 255 1696 hanc
286 1656 567 1696 donacionem
605 1669 741 1695 meam
774 1653 939 1695 irritale
970 1656 1300 1711 praesumpserit,
1328 1672 1353 1697 a
1377 1656 1554 1697 Domini

21 1714 241 1756 consorcio
277 1722 508 1768 separetui,
545 1722 588 1754 et
625 1712 1020 1768 condempnacione
1058 1714 1239 1756 extlemi
1269 1714 1420 1769 judicii
1453 1729 1549 1755 cum

21 1772 194 1815 diabolo
230 1780 272 1813 et
306 1772 467 1828 angelis
501 1771 584 1812 suis
618 1772 660 1811 in
694 1780 949 1835 perpetuum
982 1773 992 1811 i
1047 1781 1170 1823 atui,
1211 1773 1361 1814 Amen.
1425 1773 1482 1814 Et
1505 1782 1552 1814 ut

21 1829 113 1872 haec
144 1829 326 1872 donacio
357 1845 452 1871 mea
474 1830 597 1871 firma
617 1828 670 1869 sit
692 1828 733 1868 in
758 1839 1012 1894 perpetuum
1035 1846 1161 1871 manu
1185 1846 1278 1872 mea
1298 1841 1553 1886 praesentem

21 1897 179 1931 cartam
211 1888 331 1943 signo
362 1897 521 1929 sanctae
547 1888 682 1928 erucis
705 1890 744 1926 -l-
769 1887 961 1941 impressi
981 1897 1023 1928 et
1047 1889 1305 1930 confumaxi.
1371 1889 1551 1944 Signum

26 1946 237 1988 Willielmi
247 1922 316 1984 D-l-
355 1946 484 2003 Regis
524 1946 707 2000 Angliae.
773 1946 951 2000 Signum
987 1954 1021 1989 -P
1063 1947 1246 1989 Thomae
1270 1947 1551 1988 Eboracensis

22 2005 355 2059 Archiepiscopi.
430 2005 606 2059 Signum
652 2003 863 2044 Willielmi
908 2006 946 2046 >1⁴
988 2004 1286 2047 Dunelmensis
1329 2005 1543 2060 Episcopi.

26 2063 201 2118 Signum
229 2062 434 2104 Johannis
458 2067 500 2099 -4-
524 2062 820 2103 Bathoniensis
849 2062 1064 2118 Episcopi.
1134 2064 1309 2118 Signum
1340 2064 1552 2105 Osmundi

21 2127 64 2161 -Ι-
72 2096 421 2163 ⁰·Sa1esbe1iensis
456 2120 673 2176 Episcopi
738 2121 916 2176 Signum
954 2120 1160 2162 Baldwini
1180 2097 1378 2163 eAbbatis
1403 2121 1550 2164 Sancti

21 2178 264 2220 Eadmundi
287 2182 343 2223 -l-.
410 2179 588 2233 Signum
624 2178 823 2233 Hugonis
851 2184 894 2219 -l-
928 2179 1106 2220 Comitis
1138 2180 1192 2220 de
1226 2180 1392 2222 Cestre.
1457 2180 1551 2235 Sig-

19 2251 120 2278 num
144 2237 348 2278 Earnoldi
370 2237 423 2278 de
442 2237 619 2278 Perceio
641 2242 696 2277 -Ι-.
755 2236 932 2291 Signum
953 2236 1133 2278 Roberti
1155 2237 1470 2291 Dispensatoris
1493 2243 1548 2278 -l-.

21 2299 64 2335 -l-
88 2294 264 2349 Signum
283 2295 486 2337 Morealis
505 2294 794 2336 Vicecomitis.
851 2295 1031 2348 Signum
1051 2295 1271 2336 Gwidonis
1293 2296 1469 2336 Abbatis
1493 2299 1547 2335 -l-.

23 2352 202 2407 Signum
244 2352 402 2407 Rogeri
438 2352 618 2394 Comitis
657 2352 1059 2394 scrobesburiensis.
1125 2353 1304 2407 Signum
1338 2352 1549 2394 Willelmi

23 2416 56 2448 ><
79 2411 152 2451 filii
177 2410 318 2464 Regis.
376 2411 552 2465 Signum
578 2410 758 2450 Roberti
782 2409 961 2451 Comitis
985 2410 1391 2465 Northymbrorum.
1458 2410 1551 2465 Sig-

20 2482 120 2509 num
149 2468 319 2509 Ricardi
341 2468 394 2509 de
419 2473 451 2506 ><
477 2468 671 2509 Curceio.
740 2467 916 2521 Signum
945 2467 1153 2508 Rodberti
1179 2473 1211 2506 ><
1233 2468 1287 2509 de
1308 2468 1544 2511 Redveriis.

27 2526 203 2581 Signum
241 2525 451 2567 Rodbeiti
485 2525 625 2567 Bloet.
692 2524 867 2579 Signum
905 2524 1086 2579 Philippi
1121 2531 1153 2563 ><
1186 2526 1261 2566 filii
1293 2526 1473 2568 Comitis
1496 2527 1549 2567 de

26 2584 190 2626 Cestre.
266 2585 443 2639 Signum
484 2582 668 2638 Philippi
704 2587 745 2620 ÷
782 2582 858 2624 filii
897 2583 1055 2639 Rogeri
1099 2583 1292 2625 Comitis.
1368 2584 1549 2639 Signum

28 2642 152 2683 Alani
168 2642 221 2683 de
236 2647 278 2680 -l-
299 2642 475 2683 Liconia
494 2644 607 2697 [ita]
675 2641 851 2697 Signum
873 2618 1082 2682 Rodberti
1104 2639 1312 2697 capellani
1335 2647 1390 2683 4.
1456 2643 1550 2696 Sig-

25 2713 123 2739 num
152 2700 367 2755 Ranulplii
393 2703 433 2743 -l-
456 2699 594 2740 clerici
622 2699 767 2753 Regis.
838 2699 1014 2754 Signum
1041 2698 1238 2741 Mauricii
1262 2705 1303 2741 -l-
1325 2701 1548 2756 capellani.

31 2756 205 2812 Signum
235 2758 405 2801 Ricardi
428 2759 480 2800 de
508 2756 747 2800 Bnndvilla.
815 2757 992 2815 Signum
1016 2758 1226 2800 Rodberti
1249 2759 1301 2800 de
1328 2759 1547 2801 Hulmets.

742 2830 766 2855 B
792 2819 816 2856 3
