1807 2962
183 100 277 144 120
492 113 625 149 HlsT.
655 114 892 147 DUNELM.
923 112 1227 147 SCRIPTORES
1254 113 1392 145 TREs„

298 444 392 474 CAP.
426 443 548 472 XLIX,
592 443 647 470 DE
674 442 933 472 ELECTIONE
964 441 1153 470 FRATRIS
1182 439 1353 469 DOMINI
1382 439 1587 469 ROBERTI

742 501 800 529 DE
836 499 1142 528 GRAYSTANES.

735 593 828 634 [MS.
848 593 932 636 Cap.
1009 592 1031 625 f.
1047 593 1143 633 222]

241 687 383 729 Petita
413 704 437 729 a
468 688 643 730 domino
680 687 798 743 Rege
821 685 1005 741 eligendi
1038 685 1210 727 licentia
1241 695 1283 727 et
1313 685 1504 735 obtenta,
1530 683 1707 726 vocatis-

179 761 262 801 que
304 746 500 787 fratribus
541 745 582 786 in
623 744 765 794 cellis,
799 756 842 786 et
874 745 993 794 infra,
1033 744 1125 784 idus
1158 742 1404 793 Octobris,*
1438 742 1508 784 die
1535 742 1589 783 ad
1625 741 1708 784 hoc

179 812 355 852 statuto,
399 818 476 858 per
516 801 906 857 compromissarios
945 803 1105 844 electus
1149 810 1209 842 est
1252 801 1450 842 dominus
1494 799 1708 841 Robertus

177 862 232 902 (le
274 861 545 917 GraystaneS‚
587 859 795 915 ,Supprior
834 860 985 900 domus
1025 870 1069 901 et
1109 859 1279 900 Doctor
1322 857 1623 912 TheologicuS,
1667 858 1709 898 in

182 918 441 975 Episcopum
475 918 776 959 Dunelmensis
808 918 997 958 ecclesiae
1028 926 1070 958 et
1102 927 1327 971 pastorem.
1390 915 1579 961 Nomina
1606 929 1709 958 vero

180 976 642 1031 compromissariorum
664 976 755 1017 haec
778 984 897 1016 erant
920 992 932 1024 ς
962 974 1180 1016 Galfridus
1203 975 1256 1015 de
1281 973 1471 1023 Burdon‚
1490 972 1707 1028 quondam

185 1034 305 1076 Prior
331 1033 644 1083 DunelmensiS‚
680 1042 781 1075 tunc
813 1048 913 1073 vcro
941 1047 1018 1087 pro
1041 1031 1279 1086 provisione
1303 1031 1461 1072 habens
1482 1030 1632 1072 cellam
1654 1030 1708 1071 de

183 1092 430 1140 VVermuth,
456 1096 572 1144 [cum
594 1091 767 1132 decimis
785 1091 820 1144 ej
830 1090 974 1132 usdem
992 1089 1115 1140 villae,
1134 1098 1177 1131 et
1194 1090 1247 1130 de
1268 1088 1480 1140 Fulwell,]
1536 1087 1710 1128 Williel-

181 1164 272 1190 mus
306 1150 359 1190 de
398 1149 614 1191 Dunelmo
648 1150 834 1197 sacrista,
872 1148 1089 1188 Johannes
1123 1146 1177 1188 de
1216 1148 1347 1188 Seton
1385 1148 1500 1201 prius
1538 1154 1581 1186 et
1613 1154 1710 1200 post

185 1207 389 1261 Supprior
428 1206 739 1255 Dunelmensis,
789 1205 1009 1246 Gilbertus
1050 1204 1105 1246 de
1151 1204 1343 1260 Ellewyk
1388 1203 1509 1244 Prior
1553 1202 1709 1243 Insulae

184 1266 325 1305 Sacrae
366 1263 617 1319 paginaeque
660 1263 885 1318 professor,
934 1261 1150 1304 Emericus
1190 1262 1244 1304 de
1277 1260 1458 1318 Lumley
1498 1261 1620 1302 Prior
1655 1260 1709 1301 de

181 1322 385 1377 Lydium,
410 1322 601 1363 Thomas
632 1321 686 1361 de
720 1319 845 1362 Lnnd
881 1320 1002 1362 Prior
1032 1319 1087 1361 de
1123 1319 1296 1364 Fincale
1332 1320 1499 1361 Doctor
1521 1318 1562 1358 T
1564 1317 1710 1359 heolo-

178 1380 309 1431 gicus‚
332 1379 547 1422 ,Iohannes
574 1378 754 1419 Fossour
795 1378 916 1419 Prior
936 1378 1067 1418 sancti
1099 1377 1311 1421 Leonardi
1336 1377 1466 1431 juxta
1489 1374 1707 1424 Stan'ford,

180 1438 427 1478 Alexander
462 1437 516 1477 de
553 1436 777 1490 Lamesley
799 1435 997 1490 magister
1029 1435 1084 1476 de
1115 1436 1270 1485 JarOW,
1297 1435 1447 1475 Petrus
1478 1434 1532 1474 de
1559 1432 1709 1474 Hilton

178 1494 433 1544 feretranus,
481 1494 688 1535 Walterus
724 1494 778 1534 de
821 1492 1052 1534 Scaresbek
1093 1492 1361 1541 hostissai-ius,
1397 1491 1613 1532 Johannes
1653 1490 1708 1531 de

184 1552 416 1593 Bevcrlaco
440 1551 564 1594 Prior
587 1551 774 1594 Oxoniae
792 1560 836 1591 et
854 1550 1104 1592 Bacularius
1124 1548 1433 1603 Theologicns‚
1453 1547 1708 1588 Willielmus

177 1611 230 1651 de
265 1610 442 1659 Dalton,
484 1618 527 1651 et
556 1609 645 1664 ipse
676 1609 837 1650 electus
868 1609 1015 1650 tertius
1055 1607 1257 1649 decimus.
1341 1605 1562 1647 Publicata
1601 1605 1710 1646 elec-

177 1670 295 1709 tione
327 1678 369 1709 ct
399 1668 452 1708 ab
484 1667 679 1708 omnibus
710 1666 960 1722 approbata,
991 1665 1080 1720 ipse
1110 1665 1268 1707 electus
1301 1664 1343 1705 in
1377 1664 1525 1707 itinere
1566 1677 1708 1704 versus

182 1726 347 1782 Regem
379 1725 564 1766 obtinuit
595 1725 737 1766 literas
768 1723 1111 1779 proclamatorias
1143 1723 1196 1764 ab
1228 1721 1562 1776 Archiepiscopo
1594 1720 1711 1762 Ebo-

179 1785 341 1826 racensi
374 1792 417 1824 et
449 1783 559 1824 diem
592 1797 672 1838 pro
693 1782 1019 1824 confirmatione
1041 1781 1252 1830 habenda,
1279 1795 1299 1820 v
1324 1779 1416 1820 idus
1440 1777 1708 1820 Novembris.

182 1842 282 1885 Rex
319 1856 434 1890 vero,
469 1840 662 1882 inventus
684 1840 798 1895 apud
828 1839 1122 1892 Lutogersale,
1146 1837 1378 1893 penultimo
1400 1836 1469 1877 die
1495 1835 1708 1885 Octobris,

180 1901 263 1940 tale
284 1913 529 1952 responsum
548 1898 679 1938 dedit.
715 1896 1050 1938 “Intelleximus
1065 1895 1181 1951 quod
1203 1895 1399 1935 dominus
1422 1894 1539 1948 Papa
1560 1894 1614 1934 de
1636 1892 1710 1934 illo

180 1957 440 2011 Episcopatu
474 1955 659 2011 providit
690 1954 863 1994 domino
895 1953 1083 1994 Ricardo
1116 1953 1169 1994 de
1202 1953 1317 2009 Bury
1338 1951 1532 1992 familiari
1553 1951 1710 1991 clerico

180 2023 325 2055 nostro
343 2029 359 2062 3-
377 2027 452 2053 nec
471 2014 605 2067 ipsum
633 2012 789 2066 Papam
807 2011 1023 2052 offendere
1041 2010 1233 2051 volumus
1257 2025 1266 2052 ;
1301 2009 1398 2050 ideo
1411 2007 1610 2050 electioni
1624 2017 1710 2049 tuae

182 2070 416 2114 consentire
441 2069 700 2125 nequimUS.''
764 2068 973 2109 Dominus
995 2067 1107 2109 enim
1134 2068 1232 2109 Rex
1252 2081 1331 2122 pro
1353 2066 1532 2122 praefato
1553 2066 1709 2107 clerico

184 2145 268 2170 non
291 2128 425 2169 solum
451 2127 582 2182 Papae
603 2127 678 2168 sed
710 2126 837 2167 etiam
873 2125 1009 2166 Priori
1041 2134 1083 2167 et
1108 2125 1308 2180 Capitulo
1338 2126 1574 2179 scripserat,
1596 2123 1709 2178 ipsos

182 2187 373 2241 rogando
406 2194 451 2226 ut
483 2199 579 2224 eum
602 2184 821 2240 eligerent,
846 2183 982 2238 ipsum
1006 2192 1052 2224 ut
1074 2183 1373 2237 Episcopatum
1396 2182 1648 2223 reservando
1670 2180 1709 2222 ei

182 2245 407 2285 conferret.
472 2241 616 2284 Rediit
657 2256 758 2296 ergo
799 2241 959 2282 electus
1002 2241 1274 2288 Eboracum3
1312 2250 1354 2281 et
1388 2254 1474 2280 non
1510 2240 1708 2279 obstante

179 2303 292 2357 quod
313 2316 395 2341 non
415 2299 704 2341 intervenisset
718 2313 944 2339 consensus
961 2300 1115 2353 regum,
1136 2297 1440 2340 deliberatione
1457 2297 1708 2338 habitae-um

185 2360 413 2401 Canonicis
445 2358 637 2400 ecclesiae
666 2356 947 2398 Eboracensis
978 2366 1021 2397 et
1044 2356 1261 2411 utriusque
1283 2355 1394 2396 Juris
1427 2354 1585 2409 peritis,
1608 2368 1709 2394 con-

181 2417 459 2458 sentientibus
492 2417 617 2456 ctiam
644 2415 789 2456 Priore
811 2423 854 2455 et
877 2415 1101 2455 Conventu
1126 2413 1424 2463 Dunelmensi,
1443 2422 1595 2468 quarto
1617 2412 1709 2452 idus

190 2474 446 2516 Novembris
478 2474 516 2513 in
539 2474 717 2513 ecclesia
738 2474 876 2513 beatae
902 2472 1054 2512 Mariae
1075 2471 1252 2512 Eboraci
1276 2481 1337 2511 est
1358 2471 1643 2518 confirmatus,
1667 2478 1709 2509 et

187 2533 415 2574 Dominica
445 2531 638 2586 proxima
660 2539 874 2585 sequente,
900 2529 1059 2570 scilicet
1082 2543 1196 2570 xvm
1226 2529 1308 2572 kal.
1347 2527 1611 2577 Decembris,
1636 2540 1709 2581 pcr

185 2591 449 2631 venerabiles
486 2590 633 2630 Patres
658 2589 984 2636 Eboracensem,
1014 2587 1348 2635 Karleolensem,
1377 2584 1706 2633 Armachanum,

186 2664 226 2692 in
260 2649 419 2703 capella
453 2646 770 2700 Arc-liicpiscopi
802 2646 841 2685 in
884 2645 1047 2686 Palatio
1080 2653 1377 2691 consecratus3
1410 2653 1453 2684 et
1486 2642 1553 2683 die
1591 2641 1707 2683 Jovis

370 2766 385 2779 ³*
412 2762 488 2794 The
509 2761 589 2794 MS
607 2762 702 2794 reads
724 2762 919 2799 Novembris,
937 2761 999 2794 but
1018 2760 1084 2793 this
1101 2761 1128 2792 is
1146 2759 1322 2801 evidently
1341 2770 1359 2791 a
1378 2757 1527 2791 mistake.
