1807 2962
204 77 218 122 l
522 93 658 126 HIST.
686 92 926 124 DUNELM.
957 91 1260 127 SCRIPTORES
1288 93 1429 125 TIOE&

320 380 444 410 XXXI.
481 379 626 407 CARTA
645 378 841 406 HENRICI
866 378 1000 406 REGIS
1020 378 1069 405 11.
1092 377 1149 404 DE
1165 374 1385 404 MISSIONE
1404 378 1625 407 JUS'HCIAE

330 438 464 465 REGIS
500 438 546 464 IN
586 437 777 464 TERRAM
817 436 973 464 SANCTI
1007 434 1276 464 CUTHBERTI
1315 436 1411 463 NON
1435 436 1494 464 Ex
1517 437 1628 466 CON-

328 494 592 523 SUETUDINE
617 495 698 522 SED
722 495 782 522 EX
807 494 989 521 GRATIA.

845 570 956 612 [Cart.
971 570 1002 602 1.
1013 568 1034 601 s.
1045 570 1117 611 50.]

277 663 494 706 Henricus
528 663 625 705 Rex
665 662 831 718 Angliae
853 670 897 703 et
934 661 1041 703 Dux
1064 661 1345 703 Normanniae
1368 671 1412 704 et
1434 663 1681 719 Aquitaniae
1702 672 1747 706 et

220 722 374 763 Comes
401 721 677 786 Andegaviae‚
701 719 966 770 Justiciariis,
992 720 1342 771 vicecomitibus,
1367 729 1411 761 et
1442 721 1638 762 omnibus
1668 721 1747 762 mi-

215 779 355 820 nistris
392 779 476 820 suis
518 780 571 820 (le
614 779 794 820 Eborac
798 779 854 818 sir
889 786 933 818 et
970 777 1024 818 de
1064 778 1516 819 Nordhummellanda
1549 779 1743 823 salutem.

223 837 374 878 Sciatis
411 837 527 893 quod
563 836 740 877 consilio
774 837 993 900 Baronum
1026 850 1234 886 meorum,
1258 844 1300 876 et
1338 836 1540 891 Episcopi
1579 837 1748 878 Dunel·

215 895 374 935 mensis
390 894 578 944 licencia,
602 894 726 935 mitto
747 894 827 935 hac
854 892 946 934 viee
967 893 1012 933 in
1034 902 1190 934 terram
1213 893 1347 934 sancti
1371 894 1749 959 Cutbbertijusti-

217 953 324 993 ciam
348 967 498 1002 meam,
522 967 618 1008 quae
640 951 783 992 videat
805 958 852 991 ut
873 951 948 991 fiat
977 951 1151 1006 justicia
1170 952 1403 992 secundum
1435 952 1585 993 asisam
1607 967 1747 993 meam

217 1010 271 1051 de
293 1009 525 1050 latronibus
548 1019 591 1050 et
614 1007 950 1049 murdlatmibus
969 1017 1010 1049 et
1026 1008 1373 1057 roboratoribus3
1405 1024 1491 1049 non
1507 1009 1606 1065 quia
1622 1010 1747 1050 velim

221 1076 268 1108 ut
319 1068 511 1108 trahatui
562 1068 604 1107 in
645 1065 995 1107 consuetudinem
1038 1076 1230 1120 tempore
1278 1081 1391 1114 meo,
1434 1066 1501 1107 vel
1543 1067 1748 1108 heredum

219 1140 338 1166 mcor
344 1140 425 1175 um,
444 1125 519 1166 sed
534 1125 587 1165 ad
607 1133 770 1178 tempus
787 1124 868 1163 hoe
887 1123 1010 1172 facio,
1031 1138 1109 1177 plo
1127 1137 1175 1177 pl
1179 1123 1332 1164 aed1cta
1348 1126 1628 1173 necessitate3
1651 1125 1750 1180 quia

219 1182 317 1222 volo
339 1183 453 1238 quod
472 1192 583 1223 terra
602 1181 718 1222 beati
738 1180 928 1222 Cuthbci
932 1189 963 1221 t1
977 1195 1072 1221 suas
1090 1180 1248 1221 habeat
1264 1181 1484 1222 libertates
1501 1194 1545 1223 et
1557 1181 1750 1237 antiquas

221 1240 564 1288 consuetudines,
594 1239 700 1279 sicut
723 1252 934 1293 uncquam
956 1238 1106 1278 melius
1130 1238 1290 1279 habuit.
1355 1239 1408 1280 T.
1434 1239 1643 1280 Gaufrido
1667 1241 1750 1280 Ar-

222 1297 492 1351 chiepiscopo
526 1297 664 1346 Cant.⁹
697 1295 791 1337 Ric.
826 1295 956 1336 Arch.
987 1295 1177 1347 Pietav’.,
1210 1296 1382 1337 Comite
1419 1296 1646 1348 Gaufrido,
1675 1296 1749 1340 Ri-
1796 1309 1801 1311 “

222 1356 351 1396 cardo
373 1355 425 1396 de
449 1353 571 1398 Luci.
635 1354 769 1409 Apud
796 1353 1037 1394 Wodestoe.

340 1595 487 1623 XXXII.
527 1595 673 1622 CARTA
710 1595 907 1622 HENRICI
948 1594 996 1625 11.
1034 1595 1261 1622 CONCESSA
1294 1595 1513 1622 EPISCOPO
1552 1594 1635 1621 DU-

340 1652 577 1680 NELMENSI
611 1653 668 1680 DE
703 1653 874 1680 LIBERA
909 1653 1049 1680 CURIA
1083 1636 1353 1680 oBTINENDA
1389 1652 1435 1681 IN
1469 1652 1633 1683 TERRIS

340 1710 552 1738 PROPRIIS
575 1711 707 1739 SICUT
730 1711 822 1738 REX
840 1711 889 1739 IN
912 1711 1023 1740 SUIS.

812 1789 925 1831 [Cart.
943 1789 975 1820 1.
991 1787 1014 1820 f.
1043 1789 1098 1820 61.
1115 1788 1163 1828 b.]

283 1881 498 1922 Hem-icus
535 1882 634 1923 Rex
671 1881 844 1935 Angliae
877 1888 920 1922 et
955 1881 1060 1922 Dux
1086 1880 1360 1921 Normanniae
1382 1889 1423 1921 et
1443 1880 1686 1936 Aquitaniae
1708 1893 1751 1922 et

229 1939 383 1979 Comes
409 1939 683 1992 Andegaviae,
716 1938 980 1988 Justiciariis,
1015 1938 1362 1989 Vicecomitibus,
1387 1948 1430 1979 et
1450 1938 1647 1978 minisnis
1669 1939 1753 1978 suis

225 1996 279 2036 de
318 1995 596 2037 Eboracscira
633 2005 677 2036 et
714 1996 767 2036 de
805 1995 1094 2036 Lincolnsciia
1134 1995 1329 2036 salutem.
1393 1995 1602 2049 Praecipio
1635 1996 1752 2051 quod

227 2053 361 2107 Hugo
394 2053 631 2108 Episcopus
664 2052 980 2103 Dunelmensis,
1014 2061 1220 2107 cognatus
1250 2068 1382 2103 meus,
1416 2052 1571 2094 habeat
1594 2053 1753 2094 cuiiam
1806 2050 1807 2055 ¹

226 2125 346 2152 suam
384 2110 438 2152 de
475 2111 669 2151 omuibus
697 2110 775 2151 hiis
799 2111 852 2151 de
874 2110 1027 2166 quibus
1058 2110 1394 2165 plaedecessores
1415 2110 1478 2150 sui
1500 2111 1635 2151 curias
1657 2125 1751 2151 suas
1805 2109 1807 2147 j

225 2167 482 2219 habuerunt,
517 2177 710 2224 tempore
736 2168 868 2224 Regis
894 2168 1069 2209 Henrici
1087 2167 1154 2209 avi
1174 2169 1271 2212 mei.
1336 2168 1394 2210 Et
1415 2168 1616 2223 praecipio
1637 2168 1754 2223 quod

227 2225 419 2266 homines
455 2226 519 2267 sui
552 2227 606 2267 de
629 2226 708 2266 illis
730 2226 830 2267 alibi
851 2240 935 2266 non
957 2225 1161 2280 placitent
1184 2241 1311 2283 quam
1334 2226 1375 2266 in
1399 2226 1514 2267 culia
1537 2225 1751 2281 Episcopi,

228 2283 366 2324 donec
404 2283 517 2325 idem
552 2284 789 2338 Episcopus
825 2299 851 2324 a
885 2292 1005 2324 recto
1037 2283 1223 2327 deficiat.
1290 2284 1491 2326 Testibus
1537 2282 1754 2339 Episcopo

229 2340 395 2382 Lexov’
418 2350 460 2383 et
484 2341 535 2383 T,
563 2342 843 2385 Cancellario.
910 2341 1041 2397 Apud
1066 2340 1321 2385 Eboracum.
