<?xml version="1.0" encoding="UTF-8"?>
<!DOCTYPE html PUBLIC "-//W3C//DTD XHTML 1.0 Transitional//EN"
    "http://www.w3.org/TR/xhtml1/DTD/xhtml1-transitional.dtd">
<html xmlns="http://www.w3.org/1999/xhtml" xml:lang="en" lang="en">
 <head>
  <title>
</title>
<meta http-equiv="Content-Type" content="text/html;charset=utf-8" />
  <meta name='ocr-system' content='tesseract 3.04.00' />
  <meta name='ocr-capabilities' content='ocr_page ocr_carea ocr_par ocr_line ocrx_word'/>
</head>
<body>
  <div class='ocr_page' id='page_1' title='image "./historiaedunelme00gauf_0429.png"; bbox 0 0 1807 2962; ppageno 0'>
   <div class='ocr_carea' id='block_1_1' title="bbox 462 59 1617 105">
    <p class='ocr_par' dir='ltr' id='par_1_1' title="bbox 462 59 1617 105">
     <span class='ocr_line' id='line_1_1' title="bbox 462 59 1617 105; baseline 0.005 -6"><span class='ocrx_word' id='word_1_1' title='bbox 462 67 733 100; x_wconf 86' lang='lat' dir='ltr'>APPENDIX.</span> <span class='ocrx_word' id='word_1_2' title='bbox 774 68 892 100; x_wconf 81' lang='lat' dir='ltr'>ANN.</span> <span class='ocrx_word' id='word_1_3' title='bbox 921 69 1216 103; x_wconf 81' lang='lat' dir='ltr'>Mccccxxx.</span> <span class='ocrx_word' id='word_1_4' title='bbox 1478 59 1617 105; x_wconf 82' lang='lat' dir='ltr'>ccxix</span> 
     </span>
    </p>
   </div>
   <div class='ocr_carea' id='block_1_2' title="bbox 88 176 1619 335">
    <p class='ocr_par' dir='ltr' id='par_1_2' title="bbox 88 176 1619 335">
     <span class='ocr_line' id='line_1_2' title="bbox 88 176 1619 234; baseline 0.003 -18"><span class='ocrx_word' id='word_1_5' title='bbox 88 176 354 230; x_wconf 84' lang='lat' dir='ltr'>permittatis.</span> <span class='ocrx_word' id='word_1_6' title='bbox 418 176 468 217; x_wconf 88' lang='lat' dir='ltr'>In</span> <span class='ocrx_word' id='word_1_7' title='bbox 505 177 623 231; x_wconf 90' lang='lat' dir='ltr'>cujus</span> <span class='ocrx_word' id='word_1_8' title='bbox 659 177 721 218; x_wconf 84' lang='lat' dir='ltr'>rei</span> <span class='ocrx_word' id='word_1_9' title='bbox 757 177 1046 218; x_wconf 83' lang='lat' dir='ltr'>testimonium</span> <span class='ocrx_word' id='word_1_10' title='bbox 1082 178 1265 233; x_wconf 86' lang='lat' dir='ltr'>sigillum</span> <span class='ocrx_word' id='word_1_11' title='bbox 1298 186 1489 219; x_wconf 81' lang='lat' dir='ltr'>nostrum</span> <span class='ocrx_word' id='word_1_12' title='bbox 1510 194 1619 234; x_wconf 83' lang='lat' dir='ltr'>prae-</span> 
     </span>
     <span class='ocr_line' id='line_1_3' title="bbox 90 233 1616 289; baseline 0.003 -16"><span class='ocrx_word' id='word_1_13' title='bbox 90 233 280 277; x_wconf 79' lang='lat' dir='ltr'>sentibus</span> <span class='ocrx_word' id='word_1_14' title='bbox 307 243 370 276; x_wconf 89' lang='lat' dir='ltr'>est</span> <span class='ocrx_word' id='word_1_15' title='bbox 403 249 648 289; x_wconf 83' lang='lat' dir='ltr'>appensum.</span> <span class='ocrx_word' id='word_1_16' title='bbox 714 235 831 276; x_wconf 78' lang='lat' dir='ltr'>Data</span> <span class='ocrx_word' id='word_1_17' title='bbox 854 235 1072 286; x_wconf 82' lang='lat' dir='ltr'>Dunelmi,</span> <span class='ocrx_word' id='word_1_18' title='bbox 1098 250 1195 278; x_wconf 83' lang='lat' dir='ltr'>xxu</span> <span class='ocrx_word' id='word_1_19' title='bbox 1219 236 1288 278; x_wconf 88' lang='lat' dir='ltr'>die</span> <span class='ocrx_word' id='word_1_20' title='bbox 1312 236 1463 278; x_wconf 85' lang='lat' dir='ltr'>mensis</span> <span class='ocrx_word' id='word_1_21' title='bbox 1486 236 1616 287; x_wconf 87' lang='lat' dir='ltr'>Junii‚</span> 
     </span>
     <span class='ocr_line' id='line_1_4' title="bbox 90 292 964 335; baseline 0.002 -3"><span class='ocrx_word' id='word_1_22' title='bbox 90 306 201 333; x_wconf 88' lang='lat' dir='ltr'>anno</span> <span class='ocrx_word' id='word_1_23' title='bbox 225 292 398 335; x_wconf 86' lang='lat' dir='ltr'>Domini</span> <span class='ocrx_word' id='word_1_24' title='bbox 421 292 642 334; x_wconf 85' lang='lat' dir='ltr'>millesimo</span> <span class='ocrx_word' id='word_1_25' title='bbox 662 300 964 334; x_wconf 72' lang='lat' dir='ltr'>ccccm⁰xmx⁰.</span> 
     </span>
    </p>
   </div>
   <div class='ocr_carea' id='block_1_3' title="bbox 204 602 1503 750">
    <p class='ocr_par' dir='ltr' id='par_1_3' title="bbox 204 602 1503 750">
     <span class='ocr_line' id='line_1_5' title="bbox 207 602 1503 633; baseline 0.002 -3"><span class='ocrx_word' id='word_1_26' title='bbox 207 603 334 631; x_wconf 82' lang='lat' dir='ltr'>CXCV.</span> <span class='ocrx_word' id='word_1_27' title='bbox 388 602 661 631; x_wconf 79' lang='lat' dir='ltr'><strong>INDENTURA</strong></span> <span class='ocrx_word' id='word_1_28' title='bbox 706 602 848 629; x_wconf 80' lang='lat' dir='ltr'>INTER</span> <span class='ocrx_word' id='word_1_29' title='bbox 891 602 1150 630; x_wconf 84' lang='lat' dir='ltr'><strong>JOHANNEM</strong></span> <span class='ocrx_word' id='word_1_30' title='bbox 1193 604 1402 632; x_wconf 89' lang='lat' dir='ltr'>CLAXTON</span> <span class='ocrx_word' id='word_1_31' title='bbox 1446 606 1503 633; x_wconf 87' lang='lat' dir='ltr'>DE</span> 
     </span>
     <span class='ocr_line' id='line_1_6' title="bbox 204 660 1500 690; baseline 0.002 -2"><span class='ocrx_word' id='word_1_32' title='bbox 204 660 335 688; x_wconf 88' lang='lat' dir='ltr'>BURN</span> <span class='ocrx_word' id='word_1_33' title='bbox 359 661 414 688; x_wconf 90' lang='lat' dir='ltr'>ET</span> <span class='ocrx_word' id='word_1_34' title='bbox 437 660 650 688; x_wconf 86' lang='lat' dir='ltr'><strong>PRIOREM</strong></span> <span class='ocrx_word' id='word_1_35' title='bbox 690 660 886 688; x_wconf 89' lang='lat' dir='ltr'><strong>DUNELM</strong></span> <span class='ocrx_word' id='word_1_36' title='bbox 909 661 999 688; x_wconf 86' lang='lat' dir='ltr'>PRO</span> <span class='ocrx_word' id='word_1_37' title='bbox 1024 661 1114 688; x_wconf 90' lang='lat' dir='ltr'>CXX</span> <span class='ocrx_word' id='word_1_38' title='bbox 1137 661 1191 689; x_wconf 89' lang='lat' dir='ltr'>LE</span> <span class='ocrx_word' id='word_1_39' title='bbox 1212 662 1420 690; x_wconf 84' lang='lat' dir='ltr'>FOTHERS</span> <span class='ocrx_word' id='word_1_40' title='bbox 1443 664 1500 690; x_wconf 85' lang='lat' dir='ltr'>DE</span> 
     </span>
     <span class='ocr_line' id='line_1_7' title="bbox 207 717 1246 750; baseline 0.003 -4"><span class='ocrx_word' id='word_1_41' title='bbox 207 719 358 746; x_wconf 88' lang='lat' dir='ltr'>GREET</span> <span class='ocrx_word' id='word_1_42' title='bbox 382 719 467 746; x_wconf 89' lang='lat' dir='ltr'>IPSI</span> <span class='ocrx_word' id='word_1_43' title='bbox 492 718 677 746; x_wconf 88' lang='lat' dir='ltr'>DOMINO</span> <span class='ocrx_word' id='word_1_44' title='bbox 702 717 864 745; x_wconf 86' lang='lat' dir='ltr'>PRIORI</span> <span class='ocrx_word' id='word_1_45' title='bbox 889 718 1246 750; x_wconf 86' lang='lat' dir='ltr'><strong>DELIBERANDIS.</strong></span> 
     </span>
    </p>
   </div>
   <div class='ocr_carea' id='block_1_4' title="bbox 655 810 1056 856">
    <p class='ocr_par' dir='ltr' id='par_1_4' title="bbox 655 810 1056 856">
     <span class='ocr_line' id='line_1_8' title="bbox 655 810 1056 856; baseline 0 -12"><span class='ocrx_word' id='word_1_46' title='bbox 655 810 776 853; x_wconf 86' lang='lat' dir='ltr'>[Liber</span> <span class='ocrx_word' id='word_1_47' title='bbox 793 811 949 844; x_wconf 85' lang='lat' dir='ltr'>Sacristae</span> <span class='ocrx_word' id='word_1_48' title='bbox 965 811 986 844; x_wconf 89' lang='lat' dir='ltr'>f.</span> <span class='ocrx_word' id='word_1_49' title='bbox 1008 813 1056 856; x_wconf 91' lang='lat' dir='ltr'>l.]</span> 
     </span>
    </p>
   </div>
   <div class='ocr_carea' id='block_1_5' title="bbox 82 901 1623 1812">
    <p class='ocr_par' dir='ltr' id='par_1_5' title="bbox 82 901 1623 1812">
     <span class='ocr_line' id='line_1_9' title="bbox 147 901 1623 951; baseline 0.003 -5"><span class='ocrx_word' id='word_1_50' title='bbox 147 901 262 946; x_wconf 83' lang='lat' dir='ltr'>Haec</span> <span class='ocrx_word' id='word_1_51' title='bbox 288 904 523 945; x_wconf 86' lang='lat' dir='ltr'>Indentura</span> <span class='ocrx_word' id='word_1_52' title='bbox 558 903 669 945; x_wconf 84' lang='lat' dir='ltr'>facta</span> <span class='ocrx_word' id='word_1_53' title='bbox 698 903 808 945; x_wconf 87' lang='lat' dir='ltr'>inter</span> <span class='ocrx_word' id='word_1_54' title='bbox 829 903 1070 946; x_wconf 84' lang='lat' dir='ltr'>Johannem</span> <span class='ocrx_word' id='word_1_55' title='bbox 1098 905 1290 948; x_wconf 85' lang='lat' dir='ltr'>Priorem</span> <span class='ocrx_word' id='word_1_56' title='bbox 1322 907 1512 949; x_wconf 86' lang='lat' dir='ltr'>ecclesiae</span> <span class='ocrx_word' id='word_1_57' title='bbox 1539 909 1623 951; x_wconf 85' lang='lat' dir='ltr'>Ca-</span> 
     </span>
     <span class='ocr_line' id='line_1_10' title="bbox 88 962 1621 1016; baseline 0.003 -13"><span class='ocrx_word' id='word_1_58' title='bbox 88 962 292 1004; x_wconf 83' lang='lat' dir='ltr'>thedralis</span> <span class='ocrx_word' id='word_1_59' title='bbox 325 962 533 1005; x_wconf 84' lang='lat' dir='ltr'>Dunelm.</span> <span class='ocrx_word' id='word_1_60' title='bbox 587 977 644 1003; x_wconf 85' lang='lat' dir='ltr'>ex</span> <span class='ocrx_word' id='word_1_61' title='bbox 687 977 772 1003; x_wconf 88' lang='lat' dir='ltr'>una</span> <span class='ocrx_word' id='word_1_62' title='bbox 804 971 937 1016; x_wconf 85' lang='lat' dir='ltr'>parte,</span> <span class='ocrx_word' id='word_1_63' title='bbox 976 972 1021 1004; x_wconf 88' lang='lat' dir='ltr'>et</span> <span class='ocrx_word' id='word_1_64' title='bbox 1056 963 1303 1006; x_wconf 81' lang='lat' dir='ltr'>Johannem</span> <span class='ocrx_word' id='word_1_65' title='bbox 1342 965 1528 1007; x_wconf 82' lang='lat' dir='ltr'>Claxton</span> <span class='ocrx_word' id='word_1_66' title='bbox 1566 968 1621 1009; x_wconf 87' lang='lat' dir='ltr'>de</span> 
     </span>
     <span class='ocr_line' id='line_1_11' title="bbox 88 1020 1622 1078; baseline 0.003 -17"><span class='ocrx_word' id='word_1_67' title='bbox 88 1020 208 1061; x_wconf 86' lang='lat' dir='ltr'>Burn</span> <span class='ocrx_word' id='word_1_68' title='bbox 231 1020 488 1077; x_wconf 85' lang='lat' dir='ltr'>armigerum</span> <span class='ocrx_word' id='word_1_69' title='bbox 519 1035 573 1061; x_wconf 90' lang='lat' dir='ltr'>ex</span> <span class='ocrx_word' id='word_1_70' title='bbox 594 1028 713 1074; x_wconf 88' lang='lat' dir='ltr'>parte</span> <span class='ocrx_word' id='word_1_71' title='bbox 745 1020 892 1070; x_wconf 77' lang='lat' dir='ltr'>altera,</span> <span class='ocrx_word' id='word_1_72' title='bbox 917 1029 1107 1072; x_wconf 82' lang='lat' dir='ltr'>testatur,</span> <span class='ocrx_word' id='word_1_73' title='bbox 1131 1023 1248 1078; x_wconf 91' lang='lat' dir='ltr'>quod</span> <span class='ocrx_word' id='word_1_74' title='bbox 1270 1022 1381 1064; x_wconf 87' lang='lat' dir='ltr'>idem</span> <span class='ocrx_word' id='word_1_75' title='bbox 1404 1024 1622 1066; x_wconf 79' lang='lat' dir='ltr'>Johannes</span> 
     </span>
     <span class='ocr_line' id='line_1_12' title="bbox 90 1078 1620 1136; baseline 0.004 -18"><span class='ocrx_word' id='word_1_76' title='bbox 90 1078 279 1119; x_wconf 83' lang='lat' dir='ltr'>Claxton</span> <span class='ocrx_word' id='word_1_77' title='bbox 321 1078 511 1119; x_wconf 87' lang='lat' dir='ltr'>vendidit</span> <span class='ocrx_word' id='word_1_78' title='bbox 552 1087 593 1118; x_wconf 82' lang='lat' dir='ltr'>et</span> <span class='ocrx_word' id='word_1_79' title='bbox 635 1078 844 1119; x_wconf 82' lang='lat' dir='ltr'>concessit</span> <span class='ocrx_word' id='word_1_80' title='bbox 884 1078 1065 1133; x_wconf 71' lang='lat' dir='ltr'>praefato</span> <span class='ocrx_word' id='word_1_81' title='bbox 1109 1080 1247 1121; x_wconf 81' lang='lat' dir='ltr'>Priori</span> <span class='ocrx_word' id='word_1_82' title='bbox 1294 1081 1431 1123; x_wconf 81' lang='lat' dir='ltr'>sexies</span> <span class='ocrx_word' id='word_1_83' title='bbox 1473 1082 1620 1136; x_wconf 84' lang='lat' dir='ltr'>viginti</span> 
     </span>
     <span class='ocr_line' id='line_1_13' title="bbox 84 1135 1618 1192; baseline 0.003 -16"><span class='ocrx_word' id='word_1_84' title='bbox 84 1135 241 1186; x_wconf 83' lang='lat' dir='ltr'>sother,</span> <span class='ocrx_word' id='word_1_85' title='bbox 285 1135 372 1176; x_wconf 89' lang='lat' dir='ltr'>sive</span> <span class='ocrx_word' id='word_1_86' title='bbox 414 1135 534 1190; x_wconf 84' lang='lat' dir='ltr'>plura</span> <span class='ocrx_word' id='word_1_87' title='bbox 575 1136 662 1176; x_wconf 91' lang='lat' dir='ltr'>sive</span> <span class='ocrx_word' id='word_1_88' title='bbox 703 1136 902 1189; x_wconf 84' lang='lat' dir='ltr'>pauciora</span> <span class='ocrx_word' id='word_1_89' title='bbox 938 1136 1091 1187; x_wconf 82' lang='lat' dir='ltr'>sother,</span> <span class='ocrx_word' id='word_1_90' title='bbox 1133 1137 1337 1192; x_wconf 84' lang='lat' dir='ltr'>lapidum,</span> <span class='ocrx_word' id='word_1_91' title='bbox 1386 1141 1618 1181; x_wconf 87' lang='lat' dir='ltr'>secundum</span> 
     </span>
     <span class='ocr_line' id='line_1_14' title="bbox 83 1193 1622 1252; baseline 0.003 -18"><span class='ocrx_word' id='word_1_92' title='bbox 83 1194 397 1247; x_wconf 84' lang='lat' dir='ltr'>beneplacitum</span> <span class='ocrx_word' id='word_1_93' title='bbox 431 1193 620 1248; x_wconf 87' lang='lat' dir='ltr'>ejusdem</span> <span class='ocrx_word' id='word_1_94' title='bbox 645 1193 815 1243; x_wconf 81' lang='lat' dir='ltr'>Prioris,</span> <span class='ocrx_word' id='word_1_95' title='bbox 840 1193 893 1234; x_wconf 91' lang='lat' dir='ltr'>de</span> <span class='ocrx_word' id='word_1_96' title='bbox 916 1194 1079 1248; x_wconf 88' lang='lat' dir='ltr'>optimo</span> <span class='ocrx_word' id='word_1_97' title='bbox 1101 1195 1198 1235; x_wconf 85' lang='lat' dir='ltr'>albo</span> <span class='ocrx_word' id='word_1_98' title='bbox 1219 1204 1349 1249; x_wconf 66' lang='lat' dir='ltr'>grew,</span> <span class='ocrx_word' id='word_1_99' title='bbox 1375 1197 1418 1237; x_wconf 92' lang='lat' dir='ltr'>in</span> <span class='ocrx_word' id='word_1_100' title='bbox 1441 1212 1622 1252; x_wconf 83' lang='lat' dir='ltr'>quarera</span> 
     </span>
     <span class='ocr_line' id='line_1_15' title="bbox 84 1250 1621 1308; baseline 0.003 -16"><span class='ocrx_word' id='word_1_101' title='bbox 84 1266 160 1292; x_wconf 87' lang='lat' dir='ltr'>sua</span> <span class='ocrx_word' id='word_1_102' title='bbox 186 1252 314 1306; x_wconf 86' lang='lat' dir='ltr'>juxta</span> <span class='ocrx_word' id='word_1_103' title='bbox 353 1251 694 1292; x_wconf 88' lang='lat' dir='ltr'>Heremitorium</span> <span class='ocrx_word' id='word_1_104' title='bbox 731 1250 784 1291; x_wconf 87' lang='lat' dir='ltr'>de</span> <span class='ocrx_word' id='word_1_105' title='bbox 810 1251 942 1301; x_wconf 82' lang='lat' dir='ltr'>Burn,</span> <span class='ocrx_word' id='word_1_106' title='bbox 966 1251 1008 1292; x_wconf 91' lang='lat' dir='ltr'>in</span> <span class='ocrx_word' id='word_1_107' title='bbox 1039 1252 1135 1293; x_wconf 85' lang='lat' dir='ltr'>loco</span> <span class='ocrx_word' id='word_1_108' title='bbox 1157 1267 1242 1308; x_wconf 93' lang='lat' dir='ltr'>quo</span> <span class='ocrx_word' id='word_1_109' title='bbox 1263 1252 1375 1295; x_wconf 85' lang='lat' dir='ltr'>idem</span> <span class='ocrx_word' id='word_1_110' title='bbox 1402 1255 1525 1296; x_wconf 84' lang='lat' dir='ltr'>Prior</span> <span class='ocrx_word' id='word_1_111' title='bbox 1547 1255 1621 1297; x_wconf 91' lang='lat' dir='ltr'>de-</span> 
     </span>
     <span class='ocr_line' id='line_1_16' title="bbox 84 1309 1621 1363; baseline 0.003 -14"><span class='ocrx_word' id='word_1_112' title='bbox 84 1310 265 1351; x_wconf 84' lang='lat' dir='ltr'>creverit</span> <span class='ocrx_word' id='word_1_113' title='bbox 298 1309 512 1363; x_wconf 79' lang='lat' dir='ltr'>operarios</span> <span class='ocrx_word' id='word_1_114' title='bbox 547 1324 644 1349; x_wconf 86' lang='lat' dir='ltr'>suos</span> <span class='ocrx_word' id='word_1_115' title='bbox 681 1309 877 1363; x_wconf 83' lang='lat' dir='ltr'>operari3</span> <span class='ocrx_word' id='word_1_116' title='bbox 910 1324 1006 1350; x_wconf 88' lang='lat' dir='ltr'>cum</span> <span class='ocrx_word' id='word_1_117' title='bbox 1034 1309 1168 1351; x_wconf 83' lang='lat' dir='ltr'>libero</span> <span class='ocrx_word' id='word_1_118' title='bbox 1190 1318 1232 1351; x_wconf 86' lang='lat' dir='ltr'>et</span> <span class='ocrx_word' id='word_1_119' title='bbox 1254 1312 1533 1354; x_wconf 87' lang='lat' dir='ltr'>conveniente</span> <span class='ocrx_word' id='word_1_120' title='bbox 1557 1313 1621 1354; x_wconf 90' lang='lat' dir='ltr'>in-</span> 
     </span>
     <span class='ocr_line' id='line_1_17' title="bbox 85 1366 1618 1425; baseline 0.002 -17"><span class='ocrx_word' id='word_1_121' title='bbox 85 1367 215 1408; x_wconf 87' lang='lat' dir='ltr'>troitu</span> <span class='ocrx_word' id='word_1_122' title='bbox 250 1376 293 1408; x_wconf 93' lang='lat' dir='ltr'>et</span> <span class='ocrx_word' id='word_1_123' title='bbox 335 1366 453 1407; x_wconf 82' lang='lat' dir='ltr'>exitu</span> <span class='ocrx_word' id='word_1_124' title='bbox 489 1366 689 1407; x_wconf 76' lang='lat' dir='ltr'>habendo</span> <span class='ocrx_word' id='word_1_125' title='bbox 723 1367 777 1408; x_wconf 78' lang='lat' dir='ltr'>ad</span> <span class='ocrx_word' id='word_1_126' title='bbox 816 1367 996 1408; x_wconf 85' lang='lat' dir='ltr'>eandem</span> <span class='ocrx_word' id='word_1_127' title='bbox 1030 1382 1272 1422; x_wconf 80' lang='lat' dir='ltr'>quarreram</span> <span class='ocrx_word' id='word_1_128' title='bbox 1304 1383 1382 1423; x_wconf 85' lang='lat' dir='ltr'>pro</span> <span class='ocrx_word' id='word_1_129' title='bbox 1415 1371 1618 1425; x_wconf 84' lang='lat' dir='ltr'>operariis</span> 
     </span>
     <span class='ocr_line' id='line_1_18' title="bbox 84 1424 1618 1480; baseline 0.002 -14"><span class='ocrx_word' id='word_1_130' title='bbox 84 1434 127 1466; x_wconf 85' lang='lat' dir='ltr'>et</span> <span class='ocrx_word' id='word_1_131' title='bbox 149 1424 362 1478; x_wconf 75' lang='lat' dir='ltr'>carriagiis</span> <span class='ocrx_word' id='word_1_132' title='bbox 384 1424 618 1465; x_wconf 83' lang='lat' dir='ltr'>eorundem</span> <span class='ocrx_word' id='word_1_133' title='bbox 639 1440 648 1465; x_wconf 71' lang='grc' dir='ltr'>ε</span> <span class='ocrx_word' id='word_1_134' title='bbox 682 1439 786 1480; x_wconf 87' lang='lat' dir='ltr'>quos</span> <span class='ocrx_word' id='word_1_135' title='bbox 809 1424 980 1479; x_wconf 88' lang='lat' dir='ltr'>quidem</span> <span class='ocrx_word' id='word_1_136' title='bbox 1000 1425 1160 1479; x_wconf 84' lang='lat' dir='ltr'>lapides</span> <span class='ocrx_word' id='word_1_137' title='bbox 1183 1426 1320 1466; x_wconf 87' lang='lat' dir='ltr'>dictus</span> <span class='ocrx_word' id='word_1_138' title='bbox 1345 1428 1468 1468; x_wconf 87' lang='lat' dir='ltr'>Prior</span> <span class='ocrx_word' id='word_1_139' title='bbox 1489 1428 1618 1470; x_wconf 87' lang='lat' dir='ltr'>faciet</span> 
     </span>
     <span class='ocr_line' id='line_1_19' title="bbox 82 1481 1618 1539; baseline 0.002 -15"><span class='ocrx_word' id='word_1_140' title='bbox 82 1483 235 1524; x_wconf 84' lang='lat' dir='ltr'>lucrari</span> <span class='ocrx_word' id='word_1_141' title='bbox 257 1492 301 1523; x_wconf 87' lang='lat' dir='ltr'>et</span> <span class='ocrx_word' id='word_1_142' title='bbox 322 1482 470 1523; x_wconf 79' lang='lat' dir='ltr'>cariari</span> <span class='ocrx_word' id='word_1_143' title='bbox 491 1481 599 1523; x_wconf 84' lang='lat' dir='ltr'>infra</span> <span class='ocrx_word' id='word_1_144' title='bbox 621 1497 749 1522; x_wconf 88' lang='lat' dir='ltr'>unum</span> <span class='ocrx_word' id='word_1_145' title='bbox 771 1497 932 1522; x_wconf 87' lang='lat' dir='ltr'>annum</span> <span class='ocrx_word' id='word_1_146' title='bbox 963 1483 1156 1537; x_wconf 83' lang='lat' dir='ltr'>proxime</span> <span class='ocrx_word' id='word_1_147' title='bbox 1178 1483 1368 1525; x_wconf 84' lang='lat' dir='ltr'>futurum</span> <span class='ocrx_word' id='word_1_148' title='bbox 1390 1495 1486 1539; x_wconf 85' lang='lat' dir='ltr'>post</span> <span class='ocrx_word' id='word_1_149' title='bbox 1517 1486 1618 1528; x_wconf 86' lang='lat' dir='ltr'>data</span> 
     </span>
     <span class='ocr_line' id='line_1_20' title="bbox 83 1539 1617 1596; baseline 0.003 -16"><span class='ocrx_word' id='word_1_150' title='bbox 83 1540 371 1595; x_wconf 72' lang='lat' dir='ltr'>praesencium‚</span> <span class='ocrx_word' id='word_1_151' title='bbox 399 1539 482 1581; x_wconf 87' lang='lat' dir='ltr'>suis</span> <span class='ocrx_word' id='word_1_152' title='bbox 504 1539 684 1594; x_wconf 86' lang='lat' dir='ltr'>propriis</span> <span class='ocrx_word' id='word_1_153' title='bbox 706 1539 942 1594; x_wconf 87' lang='lat' dir='ltr'>sumptibus</span> <span class='ocrx_word' id='word_1_154' title='bbox 965 1550 1006 1581; x_wconf 92' lang='lat' dir='ltr'>et</span> <span class='ocrx_word' id='word_1_155' title='bbox 1026 1540 1249 1596; x_wconf 77' lang='lat' dir='ltr'>expensi53</span> <span class='ocrx_word' id='word_1_156' title='bbox 1281 1542 1484 1583; x_wconf 87' lang='lat' dir='ltr'>solvendo</span> <span class='ocrx_word' id='word_1_157' title='bbox 1501 1543 1617 1585; x_wconf 91' lang='lat' dir='ltr'>dicto</span> 
     </span>
     <span class='ocr_line' id='line_1_21' title="bbox 83 1596 1618 1654; baseline 0.002 -15"><span class='ocrx_word' id='word_1_158' title='bbox 83 1598 267 1640; x_wconf 78' lang='lat' dir='ltr'>Johanni</span> <span class='ocrx_word' id='word_1_159' title='bbox 289 1613 366 1652; x_wconf 90' lang='lat' dir='ltr'>pro</span> <span class='ocrx_word' id='word_1_160' title='bbox 388 1598 579 1652; x_wconf 86' lang='lat' dir='ltr'>quolibet</span> <span class='ocrx_word' id='word_1_161' title='bbox 602 1596 742 1637; x_wconf 86' lang='lat' dir='ltr'>sother</span> <span class='ocrx_word' id='word_1_162' title='bbox 765 1597 952 1652; x_wconf 85' lang='lat' dir='ltr'>lapidum</span> <span class='ocrx_word' id='word_1_163' title='bbox 977 1598 1065 1654; x_wconf 73' lang='lat' dir='ltr'>ijdq.</span> <span class='ocrx_word' id='word_1_164' title='bbox 1132 1599 1181 1639; x_wconf 90' lang='lat' dir='ltr'>In</span> <span class='ocrx_word' id='word_1_165' title='bbox 1204 1599 1322 1653; x_wconf 86' lang='lat' dir='ltr'>cujus</span> <span class='ocrx_word' id='word_1_166' title='bbox 1343 1600 1403 1641; x_wconf 82' lang='lat' dir='ltr'>rei</span> <span class='ocrx_word' id='word_1_167' title='bbox 1426 1601 1618 1642; x_wconf 87' lang='lat' dir='ltr'>testimo-</span> 
     </span>
     <span class='ocr_line' id='line_1_22' title="bbox 83 1654 1615 1712; baseline 0.002 -16"><span class='ocrx_word' id='word_1_168' title='bbox 83 1656 201 1696; x_wconf 88' lang='lat' dir='ltr'>nium</span> <span class='ocrx_word' id='word_1_169' title='bbox 223 1656 502 1710; x_wconf 80' lang='lat' dir='ltr'>praesentibus</span> <span class='ocrx_word' id='word_1_170' title='bbox 525 1654 763 1695; x_wconf 80' lang='lat' dir='ltr'>indenturis</span> <span class='ocrx_word' id='word_1_171' title='bbox 785 1655 921 1709; x_wconf 82' lang='lat' dir='ltr'>sigilla</span> <span class='ocrx_word' id='word_1_172' title='bbox 942 1671 1018 1696; x_wconf 83' lang='lat' dir='ltr'>sua</span> <span class='ocrx_word' id='word_1_173' title='bbox 1047 1657 1286 1697; x_wconf 83' lang='lat' dir='ltr'>alternatim</span> <span class='ocrx_word' id='word_1_174' title='bbox 1308 1667 1615 1712; x_wconf 88' lang='lat' dir='ltr'>apposuerunt.</span> 
     </span>
     <span class='ocr_line' id='line_1_23' title="bbox 84 1711 1619 1763; baseline 0.003 -10"><span class='ocrx_word' id='word_1_175' title='bbox 84 1714 201 1754; x_wconf 81' lang='lat' dir='ltr'>Data</span> <span class='ocrx_word' id='word_1_176' title='bbox 225 1727 317 1755; x_wconf 80' lang='lat' dir='ltr'>xv11</span> <span class='ocrx_word' id='word_1_177' title='bbox 341 1711 410 1754; x_wconf 83' lang='lat' dir='ltr'>die</span> <span class='ocrx_word' id='word_1_178' title='bbox 441 1713 593 1754; x_wconf 90' lang='lat' dir='ltr'>mensis</span> <span class='ocrx_word' id='word_1_179' title='bbox 615 1712 744 1763; x_wconf 85' lang='lat' dir='ltr'>Junii,</span> <span class='ocrx_word' id='word_1_180' title='bbox 769 1727 883 1755; x_wconf 86' lang='lat' dir='ltr'>anno</span> <span class='ocrx_word' id='word_1_181' title='bbox 907 1713 1083 1754; x_wconf 89' lang='lat' dir='ltr'>Domini</span> <span class='ocrx_word' id='word_1_182' title='bbox 1105 1714 1326 1756; x_wconf 86' lang='lat' dir='ltr'>millesimo</span> <span class='ocrx_word' id='word_1_183' title='bbox 1350 1729 1458 1757; x_wconf 86' lang='lat' dir='ltr'>cccc</span> <span class='ocrx_word' id='word_1_184' title='bbox 1494 1717 1619 1758; x_wconf 84' lang='lat' dir='ltr'>trice-</span> 
     </span>
     <span class='ocr_line' id='line_1_24' title="bbox 84 1786 204 1812; baseline 0.008 -1"><span class='ocrx_word' id='word_1_185' title='bbox 84 1786 204 1812; x_wconf 81' lang='lat' dir='ltr'>slmo.</span> 
     </span>
    </p>
   </div>
   <div class='ocr_carea' id='block_1_6' title="bbox 200 2063 1500 2150">
    <p class='ocr_par' dir='ltr' id='par_1_6' title="bbox 200 2063 1500 2150">
     <span class='ocr_line' id='line_1_25' title="bbox 200 2063 1500 2094; baseline 0.003 -4"><span class='ocrx_word' id='word_1_186' title='bbox 200 2063 346 2091; x_wconf 86' lang='lat' dir='ltr'><strong>CXCVI.</strong></span> <span class='ocrx_word' id='word_1_187' title='bbox 387 2063 636 2091; x_wconf 86' lang='lat' dir='ltr'>COMMISSIO</span> <span class='ocrx_word' id='word_1_188' title='bbox 700 2063 757 2089; x_wconf 92' lang='lat' dir='ltr'>AD</span> <span class='ocrx_word' id='word_1_189' title='bbox 819 2064 1102 2092; x_wconf 89' lang='lat' dir='ltr'>AUDIENDUM</span> <span class='ocrx_word' id='word_1_190' title='bbox 1164 2065 1500 2094; x_wconf 83' lang='lat' dir='ltr'><strong>CONFESSIONES</strong></span> 
     </span>
     <span class='ocr_line' id='line_1_26' title="bbox 680 2121 1017 2150; baseline 0.006 -2"><span class='ocrx_word' id='word_1_191' title='bbox 680 2121 1017 2150; x_wconf 76' lang='lat' dir='ltr'><strong>OXONIENSIUM.</strong></span> 
     </span>
    </p>
   </div>
   <div class='ocr_carea' id='block_1_7' title="bbox 616 2213 1081 2257">
    <p class='ocr_par' dir='ltr' id='par_1_7' title="bbox 616 2213 1081 2257">
     <span class='ocr_line' id='line_1_27' title="bbox 616 2213 1081 2257; baseline 0.002 -12"><span class='ocrx_word' id='word_1_192' title='bbox 616 2213 719 2257; x_wconf 83' lang='lat' dir='ltr'>[Reg.</span> <span class='ocrx_word' id='word_1_193' title='bbox 740 2214 793 2246; x_wconf 86' lang='grc' dir='ltr'>ΙΙ.</span> <span class='ocrx_word' id='word_1_194' title='bbox 811 2214 911 2247; x_wconf 85' lang='lat' dir='ltr'>Parv.</span> <span class='ocrx_word' id='word_1_195' title='bbox 935 2214 993 2248; x_wconf 86' lang='lat' dir='ltr'>fol.</span> <span class='ocrx_word' id='word_1_196' title='bbox 1012 2216 1081 2257; x_wconf 87' lang='lat' dir='ltr'><strong>5l.]</strong></span> 
     </span>
    </p>
   </div>
   <div class='ocr_carea' id='block_1_8' title="bbox 83 2305 1616 2768">
    <p class='ocr_par' dir='ltr' id='par_1_8' title="bbox 83 2305 1616 2768">
     <span class='ocr_line' id='line_1_28' title="bbox 143 2305 1614 2350; baseline 0.001 -2"><span class='ocrx_word' id='word_1_197' title='bbox 143 2306 358 2348; x_wconf 78' lang='lat' dir='ltr'>Johannes</span> <span class='ocrx_word' id='word_1_198' title='bbox 398 2305 521 2346; x_wconf 85' lang='lat' dir='ltr'>Prior</span> <span class='ocrx_word' id='word_1_199' title='bbox 566 2305 754 2347; x_wconf 81' lang='lat' dir='ltr'>eeclesiae</span> <span class='ocrx_word' id='word_1_200' title='bbox 801 2306 1068 2347; x_wconf 76' lang='lat' dir='ltr'>cathedralis</span> <span class='ocrx_word' id='word_1_201' title='bbox 1108 2306 1409 2349; x_wconf 87' lang='lat' dir='ltr'>Dunelmensis</span> <span class='ocrx_word' id='word_1_202' title='bbox 1450 2308 1614 2350; x_wconf 87' lang='lat' dir='ltr'>dilectis</span> 
     </span>
     <span class='ocr_line' id='line_1_29' title="bbox 85 2363 1612 2410; baseline 0.002 -5"><span class='ocrx_word' id='word_1_203' title='bbox 85 2364 182 2405; x_wconf 86' lang='lat' dir='ltr'>filiis</span> <span class='ocrx_word' id='word_1_204' title='bbox 204 2373 247 2405; x_wconf 89' lang='lat' dir='ltr'>et</span> <span class='ocrx_word' id='word_1_205' title='bbox 269 2363 590 2410; x_wconf 75' lang='lat' dir='ltr'>commonachis</span> <span class='ocrx_word' id='word_1_206' title='bbox 606 2364 759 2404; x_wconf 77' lang='lat' dir='ltr'>nostris</span> <span class='ocrx_word' id='word_1_207' title='bbox 783 2363 961 2404; x_wconf 86' lang='lat' dir='ltr'>dominis</span> <span class='ocrx_word' id='word_1_208' title='bbox 977 2365 1159 2405; x_wconf 83' lang='lat' dir='ltr'>Thomae</span> <span class='ocrx_word' id='word_1_209' title='bbox 1183 2365 1352 2406; x_wconf 87' lang='lat' dir='ltr'>Forster</span> <span class='ocrx_word' id='word_1_210' title='bbox 1370 2375 1411 2407; x_wconf 93' lang='lat' dir='ltr'>et</span> <span class='ocrx_word' id='word_1_211' title='bbox 1428 2366 1612 2408; x_wconf 84' lang='lat' dir='ltr'>Johanni</span> 
     </span>
     <span class='ocr_line' id='line_1_30' title="bbox 88 2421 1616 2478; baseline 0.001 -15"><span class='ocrx_word' id='word_1_212' title='bbox 88 2422 264 2478; x_wconf 79' lang='lat' dir='ltr'>Burnby</span> <span class='ocrx_word' id='word_1_213' title='bbox 286 2421 463 2462; x_wconf 86' lang='lat' dir='ltr'>salutem</span> <span class='ocrx_word' id='word_1_214' title='bbox 485 2421 527 2461; x_wconf 90' lang='lat' dir='ltr'>in</span> <span class='ocrx_word' id='word_1_215' title='bbox 547 2421 737 2462; x_wconf 86' lang='lat' dir='ltr'>Domino</span> <span class='ocrx_word' id='word_1_216' title='bbox 759 2421 1076 2475; x_wconf 84' lang='lat' dir='ltr'>sempiternam.</span> <span class='ocrx_word' id='word_1_217' title='bbox 1137 2422 1210 2463; x_wconf 92' lang='lat' dir='ltr'>Ad</span> <span class='ocrx_word' id='word_1_218' title='bbox 1231 2423 1491 2464; x_wconf 82' lang='lat' dir='ltr'>audiendum</span> <span class='ocrx_word' id='word_1_219' title='bbox 1514 2439 1616 2466; x_wconf 90' lang='lat' dir='ltr'>con-</span> 
     </span>
     <span class='ocr_line' id='line_1_31' title="bbox 83 2479 1615 2533; baseline 0.002 -13"><span class='ocrx_word' id='word_1_220' title='bbox 83 2479 283 2521; x_wconf 85' lang='lat' dir='ltr'>fessiones</span> <span class='ocrx_word' id='word_1_221' title='bbox 317 2489 473 2521; x_wconf 82' lang='lat' dir='ltr'>vestras</span> <span class='ocrx_word' id='word_1_222' title='bbox 510 2487 658 2520; x_wconf 88' lang='lat' dir='ltr'>mutuo</span> <span class='ocrx_word' id='word_1_223' title='bbox 687 2479 798 2519; x_wconf 87' lang='lat' dir='ltr'>inter</span> <span class='ocrx_word' id='word_1_224' title='bbox 820 2494 906 2529; x_wconf 87' lang='lat' dir='ltr'>vos,</span> <span class='ocrx_word' id='word_1_225' title='bbox 931 2494 979 2520; x_wconf 83' lang='lat' dir='ltr'>ac</span> <span class='ocrx_word' id='word_1_226' title='bbox 1008 2480 1270 2521; x_wconf 86' lang='lat' dir='ltr'>confratrum</span> <span class='ocrx_word' id='word_1_227' title='bbox 1292 2490 1546 2533; x_wconf 86' lang='lat' dir='ltr'>nostrorum,</span> <span class='ocrx_word' id='word_1_228' title='bbox 1571 2490 1615 2524; x_wconf 91' lang='lat' dir='ltr'>et</span> 
     </span>
     <span class='ocr_line' id='line_1_32' title="bbox 84 2536 1615 2592; baseline 0.002 -14"><span class='ocrx_word' id='word_1_229' title='bbox 84 2537 263 2578; x_wconf 81' lang='lat' dir='ltr'>aliorum</span> <span class='ocrx_word' id='word_1_230' title='bbox 296 2537 587 2592; x_wconf 81' lang='lat' dir='ltr'>religiosorum</span> <span class='ocrx_word' id='word_1_231' title='bbox 621 2536 662 2576; x_wconf 91' lang='lat' dir='ltr'>in</span> <span class='ocrx_word' id='word_1_232' title='bbox 689 2536 883 2592; x_wconf 79' lang='lat' dir='ltr'>Collegio</span> <span class='ocrx_word' id='word_1_233' title='bbox 922 2546 1067 2578; x_wconf 82' lang='lat' dir='ltr'>nostro</span> <span class='ocrx_word' id='word_1_234' title='bbox 1095 2537 1328 2579; x_wconf 82' lang='lat' dir='ltr'>Oxoniensi</span> <span class='ocrx_word' id='word_1_235' title='bbox 1350 2554 1615 2581; x_wconf 86' lang='lat' dir='ltr'>commoran-</span> 
     </span>
     <span class='ocr_line' id='line_1_33' title="bbox 85 2594 1614 2652; baseline 0.003 -17"><span class='ocrx_word' id='word_1_236' title='bbox 85 2595 204 2645; x_wconf 86' lang='lat' dir='ltr'>tium,</span> <span class='ocrx_word' id='word_1_237' title='bbox 230 2595 428 2651; x_wconf 86' lang='lat' dir='ltr'>ipsosque</span> <span class='ocrx_word' id='word_1_238' title='bbox 451 2594 757 2636; x_wconf 84' lang='lat' dir='ltr'>absolvendum</span> <span class='ocrx_word' id='word_1_239' title='bbox 778 2604 820 2635; x_wconf 89' lang='lat' dir='ltr'>et</span> <span class='ocrx_word' id='word_1_240' title='bbox 843 2594 1113 2649; x_wconf 84' lang='lat' dir='ltr'>poenitentias</span> <span class='ocrx_word' id='word_1_241' title='bbox 1150 2596 1353 2637; x_wconf 82' lang='lat' dir='ltr'>salutares</span> <span class='ocrx_word' id='word_1_242' title='bbox 1375 2612 1452 2652; x_wconf 89' lang='lat' dir='ltr'>pro</span> <span class='ocrx_word' id='word_1_243' title='bbox 1484 2599 1614 2640; x_wconf 88' lang='lat' dir='ltr'>modo</span> 
     </span>
     <span class='ocr_line' id='line_1_34' title="bbox 83 2652 1611 2710; baseline 0.002 -17"><span class='ocrx_word' id='word_1_244' title='bbox 83 2653 235 2707; x_wconf 78' lang='lat' dir='ltr'>culpae,</span> <span class='ocrx_word' id='word_1_245' title='bbox 270 2654 503 2695; x_wconf 84' lang='lat' dir='ltr'>secundum</span> <span class='ocrx_word' id='word_1_246' title='bbox 536 2652 840 2694; x_wconf 86' lang='lat' dir='ltr'>discrecionem</span> <span class='ocrx_word' id='word_1_247' title='bbox 875 2661 1055 2694; x_wconf 86' lang='lat' dir='ltr'>vestram</span> <span class='ocrx_word' id='word_1_248' title='bbox 1093 2654 1251 2695; x_wconf 85' lang='lat' dir='ltr'>eisdem</span> <span class='ocrx_word' id='word_1_249' title='bbox 1289 2654 1611 2710; x_wconf 84' lang='lat' dir='ltr'>injungendum,</span> 
     </span>
     <span class='ocr_line' id='line_1_35' title="bbox 84 2710 1612 2768; baseline 0.001 -16"><span class='ocrx_word' id='word_1_250' title='bbox 84 2721 287 2767; x_wconf 84' lang='lat' dir='ltr'>quantum</span> <span class='ocrx_word' id='word_1_251' title='bbox 325 2712 380 2753; x_wconf 84' lang='lat' dir='ltr'>ad</span> <span class='ocrx_word' id='word_1_252' title='bbox 410 2726 484 2752; x_wconf 87' lang='lat' dir='ltr'>nos</span> <span class='ocrx_word' id='word_1_253' title='bbox 507 2712 704 2765; x_wconf 81' lang='lat' dir='ltr'>pertinet,</span> <span class='ocrx_word' id='word_1_254' title='bbox 731 2710 851 2752; x_wconf 82' lang='lat' dir='ltr'>vobis</span> <span class='ocrx_word' id='word_1_255' title='bbox 885 2719 927 2752; x_wconf 88' lang='lat' dir='ltr'>et</span> <span class='ocrx_word' id='word_1_256' title='bbox 952 2711 1118 2768; x_wconf 83' lang='lat' dir='ltr'>utrique</span> <span class='ocrx_word' id='word_1_257' title='bbox 1146 2722 1331 2753; x_wconf 78' lang='lat' dir='ltr'>vestrum</span> <span class='ocrx_word' id='word_1_258' title='bbox 1354 2721 1612 2768; x_wconf 84' lang='lat' dir='ltr'>potestatem</span> 
     </span>
    </p>
   </div>
  </div>
 </body>
</html>
