1807 2962
200 64 326 113 xlviii
497 79 632 113 H1sT.
660 80 896 114 DUNELM.
924 79 1231 114 SCRIPTORES
1258 80 1400 113 TRES.

199 189 319 244 cujus
356 187 564 243 capellam
601 189 851 245 contiguam
887 201 1068 228 camerae
1104 202 1192 227 suae
1223 186 1466 229 construxit
1497 194 1540 229 et
1561 187 1733 231 dedica-1

199 247 236 287 ri
277 245 547 300 procuravit3
582 246 640 287 Et
676 246 834 301 pariter
874 244 929 285 ad
965 245 1199 299 pascendos
1232 245 1486 301 quingentos
1520 261 1730 302 pauperes

200 303 355 345 eodem
392 303 461 344 die
498 305 542 345 in
575 303 692 345 curia
729 302 1027 352 Dunelmensi,
1068 317 1250 358 quorum
1294 317 1362 344 cc.
1399 304 1483 344 sint
1519 305 1731 355 mulieres,

201 377 297 418 quae
330 370 557 417 pascantur
588 371 714 403 extra
749 360 923 410 curiam,
960 360 1189 415 assignavit
1227 374 1296 402 111.
1330 376 1492 402 marcas
1530 365 1589 403 x³.
1627 363 1730 417 viijd.

202 421 311 461 Post
351 419 515 461 obitum
557 428 700 461 tamen
742 417 845 460 dicti
884 417 1042 459 Prioris
1079 418 1161 459 1100
1195 427 1334 460 totum
1375 419 1634 474 assignatum
1666 430 1731 462 est

200 477 295 519 fieri
317 477 387 519 die
418 477 692 519 anniversarii
714 476 856 531 ipsiuS.
921 476 1036 517 Item
1070 477 1124 517 ad
1148 491 1278 518 unum
1300 477 1567 531 capellanum
1588 478 1734 521 divina·

200 536 244 576 in
266 544 520 591 perpetuum
541 536 852 576 celebraturum
875 532 917 574 in
942 534 1118 589 Capella
1138 549 1265 589 supra
1286 543 1469 589 portam,
1492 550 1571 590 pro
1593 535 1735 578 anima

201 594 305 635 dicti
327 594 489 635 domini
512 593 726 636 Bertrami
744 592 900 634 Prioris
923 600 966 633 et
987 592 1177 633 omnium
1193 593 1501 634 monachorum
1526 593 1732 635 Dunelmi

201 652 465 702 obeuntium,
482 667 577 693 cum
596 653 785 701 Placebo,
806 653 968 703 Diriqe,
985 656 1023 691 et
1041 652 1413 701 Commendacz'one,
1429 651 1519 693 xxti
1537 651 1612 692 sol.
1675 652 1733 693 Et

201 710 398 752 comedet
429 713 471 751 in
493 711 590 751 aula
611 711 718 750 sicut
740 708 845 750 alius
868 708 1112 764 capellanus
1144 708 1360 750 celebrans
1383 723 1461 763 pro
1483 723 1623 750 amma
1644 725 1732 751 ma-

200 768 320 825 gistri
347 767 526 810 Henrici
563 768 617 810 de
642 767 899 821 Melsamby.
961 767 1073 807 Item
1106 766 1333 821 assignavit
1370 766 1474 807 duas
1497 782 1659 808 marcas
1691 778 1733 810 et

203 826 439 876 dimidium,
465 835 512 867 ut
549 825 739 883 qualibet
761 825 830 866 die
856 823 1035 866 Veneris
1057 839 1133 878 per
1155 840 1313 866 annum
1336 838 1413 865 VH.
1437 824 1619 866 scolares
1640 825 1737 867 lite--

200 884 283 925 rati
318 893 362 926 et
393 884 679 939 intelligentes
712 891 756 924 et
792 891 1007 938 provectae
1040 882 1164 923 etatis
1187 891 1341 924 canant
1363 883 1563 937 psalteria
1582 897 1659 924 sua
1688 883 1735 924 in·

203 943 368 998 capella
379 958 507 998 supra
523 951 704 997 portam,
724 955 851 995 super
867 955 971 996 quos
986 940 1141 981 habeat
1154 955 1298 981 curam
1311 941 1551 995 capellanus
1566 941 1638 996 qui
1655 956 1735 995 pro

202 1008 399 1056 tempore
432 999 709 1042 celebraverit
730 1014 808 1054 pro
830 998 948 1039 dicto
974 999 1122 1039 Priore
1144 1010 1187 1039 et
1210 998 1443 1047 monachis,
1468 1007 1515 1039 u‘t
1537 998 1732 1041 distincte

204 1070 380 1100 cantent
402 1067 446 1100 et
468 1059 721 1113 compleant,
746 1056 895 1098 addito
927 1056 1009 1097 1100
1031 1056 1148 1111 quod
1170 1056 1363 1097 omnibus
1386 1056 1534 1096 diebus
1553 1057 1731 1098 Veneris

201 1117 245 1158 in
268 1117 610 1171 Quadragesima
630 1124 754 1156 erunt
775 1128 877 1155 xm.
899 1113 971 1169 qui
992 1113 1198 1170 reci-pient
1215 1114 1401 1169 singulos
1423 1114 1646 1163 denari055
1689 1124 1733 1157 et.

202 1175 422 1216 habebunt
442 1174 636 1216 corredia
657 1173 700 1214 in
718 1173 815 1214 aula
836 1171 958 1212 dictis
981 1171 1132 1213 diebus
1155 1187 1251 1213 cum
1273 1171 1576 1227 prebendariis.
1621 1173 1732 1214 Item

204 1232 430 1287 assignavit
453 1249 495 1274 x.
518 1231 674 1272 solidos
697 1231 751 1272 ad
773 1230 974 1286 psalteria
995 1231 1207 1272 cantanda
1228 1232 1271 1271 in
1294 1231 1404 1280 aula,
1425 1230 1483 1271 ita
1503 1231 1618 1286 quod
1634 1246 1732 1272 cen-

205 1300 292 1332 tum
325 1291 508 1332 scolares
540 1297 713 1331 cantent
744 1288 943 1344 psalteria
963 1287 1005 1328 in
1030 1289 1114 1329 vita
1135 1288 1237 1330 dicti
1261 1288 1419 1330 Prioris
1443 1287 1485 1329 in
1507 1288 1576 1330 die
1599 1289 1734 1330 sancti·-

206 1348 421 1400 Nicholai,
446 1359 489 1391 et
509 1356 608 1404 post
630 1348 796 1389 obitum
817 1347 906 1401 ejus
930 1346 973 1386 in
995 1345 1064 1387 die
1087 1347 1363 1388 anniversarii
1385 1346 1528 1401 ipsiu-s,
1594 1348 1734 1401 Super

204 1407 305 1449 istos
322 1407 479 1449 habeat
500 1421 643 1448 curam
666 1405 908 1460 capellanus
931 1404 1172 1459 praedictus.
1226 1405 1284 1446 Et
1305 1404 1522 1445 sciendum
1545 1405 1659 1460 quod
1678 1405 1733 1446 de

204 1481 371 1508 summa
392 1465 601 1520 praedicta
632 1464 789 1505 desunt
812 1477 862 1504 11.
885 1462 1008 1503 solidi
1031 1471 1073 1503 et
1097 1476 1185 1506 1111.
1210 1462 1387 1512 denarii,
1412 1462 1483 1518 qui
1504 1463 1725 1504 solventur

206 1525 260 1566 de
296 1524 482 1565 scacario
516 1522 690 1572 Prioris,
715 1522 851 1563 donec
883 1520 1074 1562 redditus
1104 1521 1287 1562 duorum
1319 1520 1552 1561 solidorum
1574 1529 1616 1562 et
1639 1521 1737 1562 Imu-

206 1583 456 1637 assignetur.
520 1581 591 1623 Ad
612 1581 705 1621 haec
723 1579 866 1620 omnia
886 1578 929 1619 in
951 1587 1205 1633 perpetuum
1237 1579 1485 1620 sustinenda
1507 1579 1733 1633 assignavit

206 1642 345 1684 dictus
372 1641 620 1682 Bertramus
660 1637 782 1679 Prior
816 1637 979 1678 dictum
1001 1636 1218 1677 redditum
1241 1650 1338 1680 v111.
1364 1651 1599 1677 marcarum
1635 1641 1729 1681 vus,

205 1701 299 1744 1111d
335 1700 390 1741 ad
425 1711 697 1740 communam
736 1695 1086 1745 Dunelmensem,
1121 1704 1169 1736 ut
1191 1694 1396 1750 Supprior
1417 1694 1731 1746 Dunelmensis,

204 1759 277 1814 qui
312 1773 390 1813 pro
423 1766 617 1810 tempore
652 1754 793 1804 fuerit,
816 1762 861 1795 et
893 1753 1090 1794 custodes
1110 1767 1349 1794 communae
1370 1768 1394 1794 a
1423 1753 1536 1794 dicto
1558 1767 1668 1794 anno
1690 1761 1734 1794 et

205 1817 406 1871 deinceps
443 1814 692 1870 praedictam
728 1812 948 1853 caritatem
985 1823 1028 1852 et
1064 1811 1336 1852 elemosinam
1367 1810 1525 1852 faciant
1547 1819 1590 1852 et
1611 1810 1737 1852 susti-

206 1883 337 1917 neant
372 1876 418 1915 in
453 1883 737 1928 perpetuum3
770 1869 880 1911 sicut
916 1869 959 1910 in
994 1868 1083 1910 vita
1108 1869 1211 1909 dicti
1235 1869 1406 1918 Prioris,
1431 1868 1472 1908 in
1494 1868 1562 1910 die
1587 1868 1734 1910 Sancti

208 1931 422 1981 Nicholai‚
457 1930 514 1971 sic
548 1938 592 1971 et
628 1936 724 1983 post
755 1936 935 1968 mortem
969 1926 1072 1967 dicti
1109 1926 1266 1967 Prioris
1298 1927 1340 1966 in
1363 1927 1432 1967 die
1455 1926 1733 1968 anniversarii

207 1994 311 2048 ejus,
336 1998 378 2031 et
399 1989 527 2030 etiam
549 1987 582 2027 si
603 2002 689 2027 non
711 1986 915 2026 moriatur
939 1984 1075 2028 Prior.
1133 1984 1241 2025 Haec
1262 1983 1517 2025 constitucio
1538 1985 1650 2026 facta
1670 1993 1735 2026 est

206 2065 286 2106 per
305 2049 494 2089 Priorem
515 2045 850 2086 Dunelmensem
869 2043 1139 2084 Bertramum
1154 2043 1399 2092 secundum,
1419 2057 1494 2097 per
1507 2057 1735 2084 commune

207 2106 426 2149 consilium
449 2103 585 2146 tocius
609 2101 796 2157 Capituli
820 2100 1130 2151 Dunelmensis,
1154 2115 1282 2156 quam
1303 2101 1375 2156 qui
1397 2101 1735 2155 augmentaverit

209 2167 331 2208 Deus
363 2164 400 2205 ei
435 2161 667 2203 retribuat:
701 2158 935 2200 diminuere
971 2174 1072 2200 vero
1101 2159 1240 2199 nullus
1262 2167 1507 2214 praesumat.
1574 2159 1619 2200 Si
1641 2157 1734 2213 quis

205 2233 351 2267 autem
382 2221 611 2269 infirmare,
645 2217 875 2272 infringere
896 2216 961 2258 vel
984 2216 1219 2258 diminuere
1241 2216 1573 2271 praesumpserit,
1598 2216 1735 2271 indig-

207 2281 430 2324 nacionem
467 2278 563 2327 Dei,
601 2285 758 2318 sanctae
795 2274 963 2324 Mariae,
1007 2275 1139 2316 sancti
1185 2274 1425 2325 Cuthberti,
1467 2284 1509 2316 et
1546 2274 1736 2316 omnium.-

212 2342 466 2383 Sanctorum
487 2352 531 2378 se
554 2335 767 2377 incurrere
787 2348 871 2374 non
892 2333 1095 2390 ambigat.

501 2452 844 2494 Anniversarium
864 2451 1020 2493 domini
1039 2449 1234 2503 Huqonis
1267 2449 1444 2491 Prioris.

275 2549 399 2590 Anno
432 2544 586 2600 graciae
620 2546 881 2584 M⁰Cc⁰Lxm⁰.
919 2540 1083 2596 quinto,
1108 2539 1319 2581 ordinavit
1346 2546 1388 2580 et
1411 2538 1636 2593 assignavit
1658 2539 1735 2580 do-

210 2607 334 2650 minis
360 2605 496 2661 Hugo
529 2601 652 2644 Prior
676 2599 988 2649 Dunelmensis,
1013 2599 1067 2639 de
1100 2598 1320 2638 voluntate
1352 2605 1395 2638 et
1426 2612 1596 2638 assensu
1621 2598 1735 2638 Con-

211 2673 379 2713 ventus,
403 2661 591 2718 quinque
624 2674 786 2700 marcas
817 2658 981 2713 argenti
1014 2656 1069 2697 ad
1097 2655 1333 2697 faciendam
1354 2654 1594 2711 pytanciam
1618 2656 1733 2696 Con-

210 2721 358 2764 ventui
381 2721 421 2761 in
443 2719 512 2760 die
534 2715 805 2759 anniversarii
828 2717 905 2765 sui,
929 2724 972 2756 et
994 2714 1094 2756 alias
1115 2728 1154 2757 v.
1175 2729 1337 2755 marcas
1359 2713 1411 2754 ad
1430 2713 1734 2767 comparandas

212 2780 371 2836 species
402 2777 454 2820 ad
489 2791 594 2831 opus
632 2774 866 2817 eorundem
910 2773 951 2815 in
988 2782 1255 2829 perpetuum.
1324 2771 1441 2819 Quas
1478 2771 1650 2827 quidem
1689 2785 1730 2813 x,
