1807 2962
448 67 718 107 RoBERTUS
750 71 820 103 DE
860 68 1204 102 GRAYSTANES„
1527 55 1591 106 87

0 191 23 254 [
59 178 230 236 pellere,
254 177 288 220 si
321 178 435 229 vivit,
469 187 514 221 et
533 187 743 221 „constare
775 178 918 235 possit,
943 175 1072 233 gratis
1099 174 1301 217 recedent
1323 182 1367 216 et
1387 173 1589 215 confusi.”

59 237 289 294 Alloqutus
320 244 464 279 tamen
495 253 570 279 eos
602 246 708 289 erat,
732 246 843 288 ante,
866 235 1084 293 quomodo
1108 233 1230 276 Prior
1251 233 1331 274 fuit
1352 232 1588 281 restitutus,

57 303 100 338 et
131 295 219 337 duo
255 310 437 351 corpora
468 295 592 337 simul
624 296 668 338 in
706 296 857 338 eodem
894 296 990 336 loco
1020 309 1110 335 esse
1142 307 1226 333 non
1250 301 1436 347 possent.
1472 348 1480 356 ι
1503 291 1590 332 Sed

56 353 369 409 responderunt
401 354 493 396 haee
529 354 670 396 locum
703 370 792 396 non
823 362 984 403 tenere,
1022 353 1056 393 si
1090 351 1214 392 Prior
1234 359 1427 390 mortuus
1449 357 1517 398 Slt,
1542 359 1590 412 ut

56 411 288 462 dixerunt3
312 411 378 454 sic
408 427 512 468 ergo
541 412 768 455 hesitando
798 412 1084 467 expectabant
1106 424 1237 465 usque
1260 408 1300 449 in
1323 408 1433 449 diem
1455 416 1590 447 sancti

57 469 272 525 Gregorii,
296 485 382 526 quo
413 470 482 512 die
513 471 650 526 primo
680 479 936 526 acceperunt
965 478 1127 511 certum
1160 468 1214 509 de
1248 466 1462 508 creatione
1488 465 1591 505 Wil-

55 527 188 570 lielmi
215 528 269 570 de
302 528 505 579 Tanfeld,
532 529 691 571 Prioris
712 529 767 571 de
794 528 1016 570 Wederhal
1038 527 1080 568 in
1109 526 1299 567 Priorem
1325 524 1591 566 Dunelmen-

56 601 173 636 sem3
205 601 291 644 quo
312 595 503 643 accepto,
527 588 644 629 missi
665 595 763 628 sunt
783 586 870 628 duo
892 586 1040 628 fratres
1062 585 1115 627 ad
1139 585 1276 640 ipsum
1298 583 1412 638 apud
1438 582 1591 649 wede-

55 644 118 686 ral
153 659 249 686 cum
284 644 417 687 literis
450 645 638 702 capituli,
671 653 871 701 rogantes
902 659 1014 695 eum,
1037 653 1085 686 ut
1106 643 1197 699 ipse
1220 642 1448 697 provisioni
1471 641 1524 681 de
1545 656 1589 681 se

54 702 180 744 factae
211 703 485 754 consentiret,
517 712 561 746 et
594 719 737 746 versus
770 703 1030 755 Dunelmum
1064 702 1145 743 iter
1175 716 1297 742 suum
1329 709 1588 747 maturaret3

53 760 169 802 missi
183 769 282 803 sunt
312 770 357 804 et
387 763 459 804 alii
481 763 569 804 duo
589 762 740 804 fratres
761 762 816 804 ad
841 761 1101 817 Episcopum
1123 775 1219 801 cum
1236 758 1585 813 'literis-capituli,

54 819 110 861 ad
130 819 410 877 mitigandum
430 820 616 862 animum
639 821 744 876 ejus,
763 830 805 862 et
825 820 880 861 ad
900 819 1139 875 rogandum
1161 833 1256 860 eum
1281 827 1327 858 ut
1349 817 1588 858 remitteret

52 879 283 920 conventui
303 893 499 921 rancores
535 888 578 921 et
610 878 895 929 melancolias,
929 893 1033 935 quas
1067 892 1170 932 erga
1209 892 1282 918 eos
1319 883 1585 937 conceperat,

54 935 222 978 vivente
246 936 419 987 Priore3
451 938 707 979 tenebantur
742 938 856 979 enim
901 936 1040 978 Priori
1074 951 1151 977 suo
1184 934 1372 984 obedire,
1409 943 1452 974 et
1487 934 1585 974 ldeo

53 994 193 1035 minus
216 995 510 1051 imputandum
544 996 625 1038 fuit
656 995 727 1046 eis,
751 995 785 1036 si
820 995 937 1051 quid,
962 995 1055 1050 ipso
1087 995 1209 1044 duce,
1234 1003 1385 1034 contra
1409 993 1587 1047 Episco-

52 1066 157 1107 pum
177 1055 556 1109 praesumpsissent.
623 1054 679 1095 Et
711 1062 966 1109 acceperunt
991 1054 1045 1095 ab
1079 1069 1130 1094 eo
1163 1066 1426 1108 responsum,
1465 1050 1582 1106 quod

51 1109 250 1152 minimus
291 1112 346 1153 de
379 1112 564 1154 claustro
588 1112 755 1167 gravius
789 1112 832 1153 in
865 1127 938 1153 eos
976 1112 1226 1160 vindicaret,
1260 1125 1385 1166 quam
1420 1109 1582 1150 faceret

51 1167 153 1222 ipse,
177 1168 212 1210 si
234 1177 398 1211 tantum
421 1179 571 1212 contra
588 1170 808 1212 minimum
829 1179 1034 1226 quantum
1052 1178 1203 1211 contra
1223 1168 1360 1223 ipsum
1382 1168 1585 1223 deliquis-

51 1234 159 1270 sent.
225 1227 325 1269 Cito
343 1238 484 1270 tamen
503 1231 619 1283 post]
640 1244 717 1284 per
737 1229 999 1283 Stephanum
1019 1228 1071 1269 de
1091 1228 1354 1269 Malo-Lacu
1378 1226 1580 1267 vicarium

49 1284 292 1339 generalem
315 1286 514 1342 Episcopi
536 1287 668 1328 amoti
690 1295 787 1329 sunt
809 1287 862 1328 ab
880 1286 1018 1328 officio
1043 1286 1263 1341 Supprior,
1291 1284 1459 1326 Priores
1477 1284 1582 1325 Cel-

50 1342 199 1394 larum,
220 1353 263 1386 et
284 1345 473 1399 magistri
488 1345 799 1395 obedientiarii,
822 1345 1020 1386 benevoli
1040 1345 1179 1385 Priori
1202 1352 1385 1386 mortuo.
1434 1343 1489 1383 Et
1503 1342 1582 1384 illis

50 1400 184 1442 missis
205 1401 260 1442 ad
280 1402 425 1444 Cellas
443 1402 658 1445 substituti
679 1412 776 1445 sunt
797 1403 868 1445 alii
889 1403 930 1444 in
952 1403 1046 1445 loca
1067 1418 1230 1446 eorum.
1297 1401 1420 1442 Prior
1441 1410 1583 1442 tamen

51 1459 105 1500 de
129 1459 416 1515 Coldingham
453 1461 589 1502 tenuit
618 1472 777 1503 statum
813 1477 950 1503 suum.
1011 1462 1191 1503 Factum
1226 1469 1288 1501 est
1319 1460 1400 1501 hoc
1432 1468 1583 1500 contra

51 1519 424 1569 [consuet-udinem
446 1525 511 1573 et]
542 1520 764 1578 privilegia
784 1520 948 1570 domus,
972 1519 1085 1576 quia,
1119 1528 1295 1561 vacante
1317 1518 1432 1568 sede,
1456 1518 1584 1558 nichil

48 1575 199 1617 debuit
235 1577 442 1629 innovari,
471 1579 547 1620 sed
583 1587 676 1620 tota.
711 1594 814 1620 eura
835 1579 986 1620 domus
1017 1579 1070 1620 ad
1099 1577 1373 1634 Suppriorem
1397 1577 1578 1620 devolvi.

54 1633 329 1690 Episcopales
363 1646 504 1678 tamen
545 1637 749 1678 dixerunt
786 1637 1062 1692 Suppriorem
1089 1647 1140 1678 vet
1174 1636 1354 1691 majores
1392 1636 1582 1691 Capituli

52 1694 443 1736 excommunicatos
484 1710 562 1751 per
605 1694 879 1750 Episcopum,
932 1705 975 1736 et
1027 1695 1125 1736 ideo
1170 1710 1259 1736 non
1293 1698 1436 1746 [erant
1487 1695 1581 1736 talis

52 1765 167 1791 curae
188 1766 378 1806 capaces.
443 1752 868 1795 lnteriminterdicta
898 1763 963 1795 est
994 1753 1186 1804 ecclesia,
1220 1761 1262 1794 et
1294 1752 1412 1809 quasi
1435 1769 1581 1794 omnes

52 1808 107 1850 de
152 1809 353 1864 capitulo,
387 1811 487 1867 quia
526 1827 672 1853 omnes
709 1812 765 1853 ad
795 1811 1035 1867 superiores
1068 1812 1211 1853 stallos
1243 1811 1461 1862 nominati,
1505 1828 1580 1855 ex»

52 1868 352 1910 communicati
393 1883 471 1924 pro
501 1870 681 1925 pecunia
720 1870 1029 1912 mercatoribus
1060 1870 1220 1920 debita,
1255 1869 1314 1911 ita
1344 1871 1460 1926 quod
1494 1887 1581 1913 non

52 1935 143 1966 erat
174 1924 322 1982 aliquis
368 1929 441 1983 qui
474 1927 641 1970 missam
668 1928 904 1971 celebraret
943 1938 1104 1984 praeter
1139 1929 1363 1970 duodecim
1399 1930 1580 1984 juvenes

51 1983 106 2025 ab
148 1983 362 2040 Episcopo
383 1987 518 2027 sancti
560 1985 750 2029 Andreae
788 2002 940 2042 parum
980 1997 1080 2029 ante
1101 1987 1333 2030 ordinatos.
1399 1988 1580 2031 Vivente

51 2041 162 2082 enim
213 2042 374 2094 Priore,
408 2044 463 2086 ad
496 2044 799 2087 declarandam
834 2046 989 2087 famam
1016 2045 1174 2087 Prioris
1210 2046 1375 2101 scripsit
1416 2049 1581 2103 capitu-

51 2098 139 2141 lum
169 2100 224 2142 ad
244 2102 418 2146 curiam.
485 2103 534 2144 In
555 2103 686 2145 literis
710 2119 810 2145 vero
831 2103 909 2145 illis
932 2105 1284 2160 exprimebantur
1305 2104 1476 2147 nomina
1498 2107 1579 2147 sin-

50 2157 247 2211 gulorum
280 2160 356 2202 sub
386 2159 466 2202 hac
498 2161 662 2203 forma:
698 2161 790 2204 Nos
826 2163 1034 2204 Ricardus
1066 2164 1120 2204 de
1144 2163 1346 2220 Aslakby,
1370 2165 1577 2219 supprior,

51 2224 93 2256 et
114 2216 171 2257 sic
193 2217 448 2272 singillatim,
470 2220 612 2275 quoad
652 2235 797 2262 omnes
830 2222 883 2262 ad
917 2222 1155 2278 superiores
1177 2222 1334 2270 stallos,
1359 2232 1402 2263 et
1424 2224 1577 2265 eodem

50 2274 180 2316 modo
213 2274 368 2318 inserta
402 2286 521 2319 erant
557 2277 601 2319 in
633 2275 755 2320 litera
791 2279 974 2335 quadam
1010 2280 1277 2334 obligatoria,
1314 2291 1357 2321 et
1399 2283 1579 2335 pecunia

50 2341 226 2388 propter
247 2343 427 2376 mortem
459 2335 617 2377 Prioris
639 2351 716 2378 suo
738 2346 928 2392 tempore
949 2353 1034 2379 non
1057 2339 1219 2386 soluta3
1253 2339 1404 2379 eodem
1429 2340 1579 2382 ordine

51 2389 296 2432 denunciati
327 2402 425 2434 sunt
463 2395 847 2443 excommunicati3
895 2404 938 2437 et
972 2396 1134 2437 cedulae
1172 2397 1577 2439 excommunicatio-

51 2461 150 2488 nem
171 2449 437 2492 continentes
453 2450 602 2493 hostiis
624 2452 897 2495 ecclesiarum
919 2454 1059 2494 affixae
1090 2465 1212 2495 erant
1233 2454 1272 2493 in
1296 2454 1424 2495 curia.
1488 2456 1576 2505 Qui

51 2505 166 2559 prius
186 2506 432 2563 gaudebant
454 2510 628 2550 nomina
648 2525 794 2551 eorum
818 2511 861 2551 in
883 2511 1070 2565 praefatis
1089 2511 1220 2552 literis
1243 2512 1380 2562 inseri,
1404 2526 1577 2570 propter

50 2563 241 2605 favorem
275 2567 620 2622 consequendum
654 2583 679 2609 a
704 2568 863 2618 Priore,
894 2568 981 2623 jam
1016 2570 1218 2624 lugebant
1251 2585 1295 2611 se
1335 2571 1519 2625 privatos
1552 2590 1577 2616 a

51 2620 288 2664 divinorum
321 2625 618 2666 celebratione.
685 2626 837 2668 Gravis
869 2626 950 2669 fuit
983 2628 1077 2674 haec
1108 2628 1246 2684 plaga,
1271 2638 1313 2669 et
1337 2631 1458 2671 nimis
1481 2647 1576 2687 per-

48 2693 258 2731 severans,
300 2696 397 2723 nam
438 2683 653 2738 praepositi
689 2699 764 2739 per
790 2684 1044 2741 Episcopum
1079 2686 1121 2727 in
1154 2686 1299 2728 officiis
1336 2702 1422 2730 non
1457 2700 1576 2733 eraut

50 2736 248 2781 benevoli
279 2741 604 2795 praecessoribus
637 2743 732 2793 suis,
766 2753 810 2785 et
842 2743 938 2786 ideo
971 2744 1113 2800 tepide
1147 2755 1323 2800 egerunt
1353 2748 1406 2790 ad
1430 2764 1574 2790 eorum
