1807 2962
550 105 827 139 APPENDIX.
855 101 976 135 ΛΚΝ.
1006 104 1320 135 niccctxmx.
1562 89 1705 139 cxlvii

284 385 418 416 CXXX.
502 383 804 417 SUPPLICACIO
863 388 920 414 AD
974 383 1126 414 PAPAM'
1182 384 1272 414 PRO
1327 382 1473 414 Mx'rRA
1525 387 1580 415 ET

825 445 1025 475 BACULO.

469 523 579 565 [Cart.
597 523 672 555 ΙΙΙ.
687 522 709 555 f.
728 525 808 562 303,
822 523 853 560 b,
870 527 906 555 et
924 522 1021 566 Orig.
1038 524 1065 553 l.
1084 525 1114 560 7.
1134 521 1261 555 Pontis.
1276 522 1327 554 H.
1351 523 1399 565 1.]

222 596 472 641 Beatissime
493 610 628 655 pater,
653 601 885 656 exponitur
906 599 1121 641 sanctitati
1140 610 1293 640 vestrae
1309 613 1390 654 pro
1413 606 1533 653 parte
1556 608 1698 640 orato-

161 670 257 696 rum
288 666 526 698 vestrorum
565 658 723 699 Prioris
760 667 800 699 et
836 658 1083 699 Conventus
1112 657 1434 706 Dunolmensis,
1459 657 1698 712 quodlicet

160 714 299 755 dictus
324 715 446 755 Prior
467 730 562 756 cum
589 716 818 757 Conventu
855 730 931 755 suo
968 715 1021 755 sit
1052 714 1095 755 in
1118 714 1407 769 spiritualibus
1430 725 1472 756 et
1489 725 1699 769 tempora-

158 771 269 812 libus
300 772 556 814 sufficienter
576 773 764 822 dotatus,
787 773 841 814 ad
860 773 1044 813 valorem
1068 772 1253 827 quinque
1277 772 1407 813 millia
1428 772 1696 813 marcharum

158 829 458 883 sterlingorum
491 833 709 872 annuatim
732 839 775 872 et
806 831 930 879 ultra,
955 839 1001 870 ut
1022 839 1222 884 pretextu
1246 829 1586 883 praeeminenciae
1608 845 1696 870 suae

160 887 403 928 Abbatibus
425 897 467 929 et
492 888 708 930 Prioribus
730 888 1067 944 quibuscumque
1090 887 1132 927 in
1154 887 1372 941 provincia
1394 888 1691 937 Dunolmensi‚

159 943 234 984 ubi
286 944 492 986 funeralia
547 955 794 1003 magnatum
851 954 895 987 et
937 946 1019 986 alia
1059 945 1203 985 divina
1243 944 1382 986 officia
1422 955 1691 995 exercentur,

158 1001 397 1055 praefertur,
421 1014 463 1043 et
499 1004 632 1058 gradu
666 1005 807 1045 altiori
839 1003 1025 1053 fulcitur,
1064 1011 1111 1043 ut
1143 1003 1279 1052 decet,
1315 1003 1507 1044 Abbates
1553 1016 1695 1044 tamen

159 1067 203 1099 et
224 1058 292 1099 alii
313 1059 536 1102 inferiores
569 1062 610 1101 in
651 1061 940 1116 spiritualibus
962 1070 1003 1102 et
1027 1060 1345 1115 temporalibus,
1368 1062 1510 1116 quoad
1532 1062 1695 1103 dictum

158 1116 329 1157 exiliter
361 1118 542 1168 fundati,
579 1119 702 1160 mitra
735 1128 778 1161 et
813 1119 967 1160 baculo
1002 1118 1205 1173 pastorali
1244 1127 1435 1169 utuntur,
1476 1120 1535 1160 sic
1573 1121 1692 1175 quod

157 1174 404 1215 scandalum
443 1175 494 1221 in,
528 1177 705 1218 ecclesia
744 1191 818 1217 sua
858 1191 911 1217 ex
947 1176 1028 1217 hoc
1061 1176 1221 1231 patitur
1257 1191 1339 1216 non
1376 1177 1606 1227 modicum,
1650 1187 1695 1219 et

157 1232 343 1286 populus
365 1234 698 1288 quamplurimus
720 1234 895 1275 miratur
916 1234 970 1274 de
991 1243 1109 1274 tanto
1130 1233 1309 1288 praelato
1331 1249 1415 1274 non
1437 1234 1619 1276 habente
1642 1251 1691 1276 ac

158 1298 309 1330 utente
340 1291 506 1332 mitram
541 1301 583 1333 et
613 1292 825 1342 baculum,
849 1306 944 1332 cum
967 1291 1184 1332 inferiores
1205 1292 1299 1346 ipso
1322 1291 1362 1331 in
1385 1292 1480 1346 ipsis
1501 1294 1692 1347 partibus

156 1346 285 1388 mitra
340 1356 384 1388 ct
449 1349 603 1389 baculo
672 1358 861 1392 utantur.
955 1350 1123 1390 Idcirco
1174 1350 1431 1403 supponitur
1482 1351 1695 1392 sanctitati

159 1414 322 1454 vestrae,
358 1406 556 1461 quatinus
598 1406 714 1448 dicto
759 1406 895 1448 Priori
926 1416 969 1447 et
1001 1406 1313 1447 successoribus
1345 1407 1428 1448 suis
1456 1408 1689 1459 Prioribus,

157 1461 230 1516 qui
261 1477 339 1516 pro
373 1473 567 1518 tempore
601 1474 739 1514 erunt,
764 1465 953 1520 ejusdem
987 1465 1249 1513 Conventus,
1273 1465 1509 1507 concedere.
1541 1467 1692 1520 digne-

156 1518 271 1569 mini,
295 1521 410 1575 quod
432 1522 569 1571 mitra,
590 1522 757 1571 baculo,
782 1523 923 1571 anulo,
947 1521 1159 1570 sandaliis,
1180 1531 1224 1562 et
1255 1522 1345 1563 aliis
1377 1524 1690 1577 pontificalibus

156 1576 346 1633 insigniis
376 1578 437 1618 uti
468 1579 628 1632 possint
650 1589 694 1620 et
716 1580 913 1628 valeant3
946 1579 1327 1620 constitucionibus
1351 1582 1689 1639 quibuscumque

157 1647 242 1674 non
260 1635 543 1686 obstantibus,
566 1652 663 1677 cum
686 1637 817 1677 titulis
841 1637 881 1677 in
902 1652 953 1678 ea
974 1646 1092 1691 parte
1115 1637 1350 1692 oportunis,

273 1726 525 1778 Subscriptio
557 1727 863 1780 Papae.—Fiat
894 1726 1004 1768 infra
1035 1728 1335 1768 monasterium
1370 1744 1490 1770 suum
1524 1739 1566 1772 et
1596 1732 1692 1772 loca

332 1783 412 1822 sibi
449 1784 652 1840 subjecta.
734 1785 851 1825 Data
896 1784 1046 1825 Romae
1089 1786 1204 1839 apud
1247 1786 1450 1828 Sanctum
1495 1790 1691 1840 Petrum,

331 1840 518 1896 septimo
540 1841 634 1883 idus
661 1842 858 1898 Augusti,
883 1857 996 1883 auno
1020 1842 1222 1884 secundo.

274 2123 427 2152 CXXXI.
461 2121 615 2152 BULLA
647 2125 825 2152 URBANI
859 2125 984 2152 PAPAE
1017 2124 1149 2153 SEXTI
1175 2126 1322 2154 SUPER
1348 2126 1430 2154 L'SU
1457 2128 1572 2155 ΡΟΝ-ι

775 2183 1068 2213 TIFICALIUM.

736 2260 848 2300 [Cart.
867 2260 897 2292 1.
914 2259 970 2292 fol.
992 2262 1043 2292 18.
1058 2261 1114 2302 b.]1

217 2330 418 2376 Urbanus
462 2335 709 2390 Episcopus,
763 2350 906 2376 servus
947 2351 1164 2378 servorum
1218 2339 1316 2389 Dei,
1370 2341 1534 2383 dilectis
1585 2345 1682 2385 filiis

156 2390 352 2432 Roberto
398 2392 533 2432 Priori
574 2403 618 2433 et
670 2393 869 2446 Capitulo
911 2394 1104 2435 ecclesiae
1153 2396 1466 2448 Dunelmensis‚
1520 2402 1683 2443 ordinis

153 2449 299 2490 Sancti
326 2449 561 2498 Benedicti,
585 2450 762 2490 salutem
794 2458 836 2490 et
859 2451 1135 2504 apostolicam
1164 2453 1523 2501 benedictionem.
1592 2461 1682 2501 Ex-

149 2506 288 2560 poscit
336 2515 490 2547 vestrae
531 2507 776 2547 devocionis
817 2507 1036 2548 sinceritas
1072 2519 1115 2550 >et
1157 2510 1371 2564 religionis
1411 2528 1680 2568 promeretur

149 2563 366 2612 honestas,
406 2573 453 2604 ut
504 2573 589 2605 tam
635 2579 723 2613 vos,
759 2580 865 2620 quos
902 2566 1071 2619 speciali
1104 2567 1330 2610 dilectione
1366 2575 1676 2628 prosequimur,

148 2636 274 2676 quam
298 2621 431 2663 eciam
454 2621 671 2662 ecclesiam
695 2633 876 2663 vestram
904 2623 1041 2676 dignis
1063 2625 1294 2667 honoribus
1317 2636 1358 2668 et
1380 2631 1529 2681 graciis
1552 2636 1679 2674 atto}-

148 2678 296 2720 lamus.
362 2679 474 2720 Hinc
497 2689 559 2720 est
580 2680 695 2735 quod
718 2695 809 2729 nOS,
826 2680 972 2721 vestris
988 2681 1027 2721 in
1051 2682 1129 2723 hac
1151 2693 1269 2737 parte
1292 2687 1676 2740 supplicacionibus

150 2736 352 2786 inclinati,
385 2746 432 2779 ut
476 2747 535 2787 tu,
571 2737 630 2778 fili
674 2737 811 2789 Prior,
845 2749 888 2778 et
929 2753 1188 2783 successores
1222 2742 1295 2793 tui,
1344 2743 1508 2788 Priores
1550 2749 1680 2793 dicun

873 2809 901 2836 K
935 2799 960 2836 2
