1807 2962
452 73 733 105 APPENDIX.
773 71 894 103 ANN.
923 71 1132 103 Mccccr.
1398 56 1586 104 clxxxix

52 190 256 240 seyntres‚
295 188 339 222 et
372 181 531 230 flekes;
573 195 670 237 quae
707 179 809 221 dicti
848 177 971 220 Prior
1007 189 1051 220 et
1095 180 1348 222 Conventus
1385 183 1589 235 assignari

53 243 211 284 facient
257 239 397 281 eidem
447 238 708 281 cementario
749 237 859 278 infra
899 238 1088 292 spacium
1131 238 1258 279 trium
1300 239 1524 280 miliarium
1567 257 1593 282 a

53 299 275 344 Dunelmo
309 297 575 339 distancium.
638 297 758 338 Idem
788 310 958 352 quoque
995 295 1118 336 Prior
1139 305 1181 337 et
1209 297 1470 346 Conventus,
1495 313 1591 339 cum

54 357 231 400 consilio
272 365 316 396 et
357 355 670 397 deliberacione
705 354 808 396 dicti
840 353 1098 404 cementarii,
1137 369 1280 396 muros
1317 355 1511 412 antiquos
1549 357 1593 398 in

55 417 210 459 eodem
248 413 515 455 Dormitorio
548 428 659 454 nunc
683 412 916 454 existentes
937 412 1147 466 prosterni
1168 413 1352 463 facient3
1380 423 1423 455 et
1446 430 1592 455 eorum

57 474 341 516 fundamenta
375 486 481 526 pure
517 470 724 521 mundari,
759 485 836 525 pro
870 485 984 510 novo
1022 485 1152 526 opere
1186 471 1459 527 incipiendo:
1499 488 1595 529 quae

56 532 307 574 fundamina
340 540 464 572 erunt
500 530 671 585 incepta
707 537 751 570 et
784 528 922 584 posita
954 543 1031 583 per
1063 529 1283 571 consilium
1317 539 1359 572 et
1388 531 1598 573 delibera-

58 591 225 633 cionem
259 588 472 630 dictorum
511 587 670 629 Prioris
707 596 750 628 et
791 587 1056 630 Conventus,
1118 588 1176 628 Et
1197 588 1374 630 habebit
1396 590 1506 631 idem
1531 605 1599 631 ce-

58 647 288 691 mentarius
306 662 452 689 omnes
474 646 636 701 lapides
658 654 702 687 et
723 654 963 687 cementum
987 645 1041 686 de
1059 646 1188 686 muris
1205 647 1388 704 antiquis
1406 648 1601 703 ejusdem

64 705 319 750 Dormitorii
336 704 665 760 prosternendiS,
685 714 727 745 et
744 717 878 744 novos
893 703 1056 758 lapides
1070 719 1148 758 pro
1165 705 1317 747 eodem
1337 706 1602 748 Dormitorio

61 766 115 807 de
136 779 249 806 novo
271 764 461 805 exscisos
482 772 526 804 et
546 762 780 812 ordinatos,
804 762 859 803 ad
880 761 1169 817 suplecionem
1191 764 1332 819 operis
1354 765 1600 820 supradicti.

66 824 133 866 Ita
166 831 306 864 tamen
338 822 455 878 quod
485 820 612 862 faciat
645 835 791 862 omnes
823 821 1027 861 fenestras
1062 821 1259 877 antiquas
1296 831 1341 864 et
1362 823 1524 878 lapides
1547 824 1601 865 de

63 897 177 923 novo
197 880 405 930 renovari,
429 895 506 934 pro
524 880 679 921 decore
702 888 744 921 et
764 878 1051 920 confirmitate
1074 879 1178 921 dicti
1195 882 1351 936 operis,
1405 882 1603 924 Habebit

65 940 199 983 eciam
231 939 370 980 dictus
405 939 556 979 Petrus
588 938 884 987 cementarius,
910 937 1090 979 durante
1112 939 1293 980 termino
1316 939 1601 996 infrascripto,

66 998 208 1040 omnia
244 997 499 1046 aisiamenta,
540 1004 625 1037 tam
663 995 704 1036 in
735 995 894 1036 batello
925 1010 1052 1051 quam
1080 996 1122 1036 in
1145 996 1220 1037 viis
1243 1008 1286 1039 et
1306 998 1480 1049 semitis,
1506 1015 1602 1041 cum

65 1055 311 1098 introitibus
343 1063 385 1096 et
417 1054 633 1103 exitibus;
663 1062 789 1109 prout
811 1053 1029 1094 Johannes
1056 1054 1301 1096 Mideltoun
1323 1060 1603 1099 cementarius

67 1114 217 1157 habuit
251 1128 331 1169 pro
368 1121 560 1167 tempore
598 1128 687 1153 suo.
751 1112 931 1152 Dabunt
966 1112 1137 1167 insuper
1169 1114 1364 1167 praedicti
1402 1115 1526 1157 Prior
1562 1127 1605 1159 et

73 1174 320 1215 Conventus
358 1171 496 1212 eidem
530 1171 804 1219 cementario,
839 1184 864 1210 a
899 1168 968 1210 die
1000 1170 1282 1212 confeccionis
1305 1174 1602 1227 praesencium,

69 1246 182 1273 anno
221 1229 399 1270 Domini
431 1234 625 1270 M0cccc⁰
657 1228 808 1284 prime,
833 1242 966 1283 usque
988 1227 1043 1269 ad
1063 1228 1219 1270 festum
1248 1230 1449 1271 Omnium
1475 1233 1607 1274 Sanc-

70 1299 211 1331 torum
232 1287 508 1337 antedictum,
532 1286 724 1342 quolibet
744 1300 856 1327 anno
878 1301 962 1342 quo
984 1286 1185 1341 praefatos
1210 1287 1401 1329 Priorem
1423 1298 1465 1331 et
1490 1291 1606 1332 Con-

69 1357 248 1390 ventum
281 1346 509 1400 contigerit
542 1344 843 1386 liberacionem
874 1346 1006 1398 panni
1038 1344 1179 1386 facere
1206 1348 1449 1401 generalem
1472 1364 1604 1390 unum

72 1413 410 1461 garmamentum
442 1403 495 1444 de
527 1412 642 1444 secta
663 1402 966 1456 armigerorum
989 1403 1177 1458 ejusdem
1203 1404 1374 1454 Prioris,
1398 1421 1447 1447 ac
1469 1408 1606 1448 eciam

73 1463 265 1521 quolibet
301 1463 369 1504 die
400 1477 425 1503 a
455 1461 565 1502 festo
587 1461 720 1502 sancti
745 1460 970 1502 Cuthberti
994 1461 1035 1501 in
1062 1460 1227 1502 Marcio
1249 1463 1365 1518 quod
1394 1464 1472 1504 erit
1494 1480 1606 1506 anno

73 1521 253 1565 Domini
285 1525 568 1562 M⁰CCCCm⁰11⁰
593 1534 724 1575 usque
746 1519 896 1560 festum
925 1518 1128 1560 Omnium
1153 1520 1404 1562 Sanctorum
1426 1523 1606 1576 praedic-

73 1589 167 1622 tum
199 1595 333 1621 unum
365 1593 519 1633 panem
552 1578 695 1619 album
732 1586 775 1618 et
806 1592 935 1618 unam
966 1577 1160 1632 lagenam
1183 1578 1378 1629 servisiae,
1402 1595 1451 1621 ac
1473 1581 1608 1623 eciam

73 1653 205 1680 unum
236 1637 444 1678 ferculum
476 1635 683 1692 coquinae,
717 1635 825 1676 sicut
856 1634 1052 1690 armigeri
1084 1635 1242 1677 PrioriS
1274 1637 1466 1690 praedicti
1503 1647 1607 1681 tunc

75 1695 276 1751 temporis
312 1693 563 1750 percipiunt.
627 1693 805 1734 Dabunt
838 1693 980 1750 itaque
1016 1694 1211 1748 praedicti
1248 1695 1371 1736 Prior
1407 1704 1451 1737 et
1492 1698 1611 1739 Con-r

74 1765 227 1796 ventus
259 1752 519 1795 cementario
550 1751 794 1806 supradicto
822 1766 899 1807 pro
920 1752 1109 1807 qualibet
1128 1752 1234 1794 roda
1255 1754 1393 1808 operis
1414 1755 1610 1809 praedicti

77 1828 174 1870 quae
220 1810 455 1853 continebit
502 1825 579 1851 sex
625 1811 744 1851 ulnas
787 1819 829 1852 et
875 1809 1097 1851 dimidium
1144 1811 1267 1852 unius
1308 1812 1423 1853 ulnae
1464 1829 1605 1869 squar,

78 1880 166 1913 tam
206 1871 284 1911 sub
326 1878 437 1910 terra
474 1883 603 1924 quam
644 1883 770 1923 supra
809 1876 981 1919 terram,
1025 1869 1174 1910 decem
1214 1884 1375 1911 marcas
1417 1872 1580 1926 argenti
1596 1886 1613 1922 32

78 1929 192 1971 unde
227 1929 282 1969 ad
303 1926 594 1981 incepcionem
617 1926 757 1982 operis
778 1926 1008 1982 supradicti
1036 1926 1150 1968 idem
1172 1928 1455 1969 cementarius
1477 1930 1613 1984 perci«

78 1987 168 2044 piet
190 2002 278 2042 prae
299 1985 491 2027 manibus
513 1999 573 2025 XL
594 1985 721 2026 libras
743 1985 922 2039 argenti,
947 1994 987 2026 et
1005 1995 1168 2041 postea,
1184 2000 1281 2026 cum
1295 1986 1520 2041 perfecerit
1536 2002 1612 2030 sex

78 2047 204 2087 rodas
241 2043 383 2100 operis
414 2042 658 2099 supradicti,
682 2043 783 2085 alias
805 2057 864 2084 XL
886 2043 1013 2085 libras
1032 2059 1043 2092 ;
1076 2052 1117 2085 et
1140 2044 1198 2085 sic
1219 2058 1279 2085 XL
1301 2044 1427 2086 libras
1449 2047 1611 2088 tociens

80 2104 283 2160 quociens
320 2101 542 2157 perfecerit
564 2117 638 2143 sex
658 2102 785 2143 rodas
807 2102 937 2143 modo
966 2102 1238 2158 supradict03
1272 2103 1409 2144 donec
1431 2105 1613 2159 praedic-

81 2170 172 2203 tum
187 2176 291 2216 opus
305 2159 433 2201 fuerit
448 2160 636 2216 plenarie
650 2168 1003 2201 consummatum.
1030 2160 1206 2201 Proviso
1223 2176 1390 2215 semper
1403 2162 1518 2217 quod
1537 2178 1615 2205 nec

82 2219 315 2269 scaffaldes,
348 2227 550 2273 seyntres,
585 2218 731 2268 flekes,
754 2233 831 2259 nec
868 2218 950 2259 alia
982 2218 1108 2259 feoda
1129 2218 1453 2274 quomodolibet
1474 2221 1615 2263 valeat

81 2278 323 2319 vendicare.
393 2276 449 2316 Et
471 2276 551 2317 erit
584 2276 813 2332 praedictus
846 2276 1125 2317 cementarius
1157 2284 1200 2317 et
1233 2276 1326 2317 aliae
1359 2277 1614 2320 sufficientes

83 2349 277 2391 personae
308 2334 485 2387 obligati
516 2334 639 2376 dictis
674 2333 811 2375 Priori
842 2342 884 2375 et
914 2334 1154 2375 Conventui
1177 2334 1220 2373 in
1242 2349 1326 2375 una
1347 2335 1613 2389 obligacione

84 2409 163 2450 per
185 2393 405 2435 consilium
423 2393 634 2434 dictorum
655 2391 812 2433 Prioris
830 2400 872 2433 et
891 2392 1135 2433 Conventus
1153 2391 1348 2433 facienda
1363 2392 1406 2433 in
1421 2406 1479 2433 XL
1497 2393 1613 2436 libris

86 2451 254 2508 singula
286 2451 376 2492 vice
408 2466 493 2507 qua
526 2465 586 2491 XL
608 2451 735 2492 libras
771 2449 812 2490 in
834 2449 971 2490 forma
997 2449 1202 2505 praedicta
1221 2449 1336 2491 idem
1358 2454 1614 2506 perceperit,

87 2509 297 2551 solvendis
329 2509 486 2551 eisdem
511 2508 650 2551 Priori
670 2518 714 2550 et
741 2509 999 2558 Conventui,
1024 2516 1097 2549 aut
1119 2523 1267 2549 eorum
1288 2509 1613 2562 successoribus,

87 2567 132 2609 in
169 2583 266 2609 casu
304 2583 389 2623 quo
422 2567 536 2609 idem
569 2566 849 2609 cementarius
885 2566 1089 2608 defecerit
1110 2567 1317 2621 perficere
1339 2582 1416 2621 pro
1439 2567 1615 2622 singulis

89 2626 240 2668 decem
276 2626 427 2667 marcis
459 2641 635 2667 summae
665 2625 882 2681 praedictae
914 2639 1042 2666 unam
1064 2624 1212 2666 rodam
1232 2627 1369 2680 operis
1392 2627 1612 2678 antedicti,

91 2685 170 2726 sub
192 2684 328 2725 forma
348 2693 392 2725 et
413 2684 667 2726 condicione
699 2683 892 2740 superius
916 2682 1170 2726 memoratis.
1238 2683 1295 2724 Et
1316 2684 1371 2725 ad
1392 2685 1618 2739 perficien-

92 2742 192 2784 dum
216 2757 322 2798 opus
340 2743 607 2798 praedictum,
632 2742 674 2784 in
703 2742 840 2784 forma
862 2741 1081 2798 praedicta,
1105 2741 1210 2785 citra
1232 2742 1384 2785 fesium
1414 2742 1615 2787 Omnium
