1807 2962
197 79 378 126 clxxxii
509 93 650 127 v111sT.
680 96 918 128 DUNELM.
950 96 1253 128 scairronus
1281 95 1422 128 TRES.

195 202 453 244 cementario
471 202 579 244 infra
593 203 779 259 spacium
799 204 924 245 trium
945 203 1172 245 miliarium
1187 219 1211 244 a
1226 204 1441 245 Dunelmo
1459 203 1708 245 (listancium

201 261 319 302 Idem
343 276 512 317 quoque
541 261 660 302 Prior
682 271 725 302 et
745 263 1008 311 Conventus,
1033 277 1128 302 cum
1152 262 1329 302 consilio
1352 274 1394 302 et
1412 262 1727 303 deliberacione.

195 318 294 360 dicti
319 319 574 368 cementarii,
599 335 740 360 muros
773 321 967 375 antiquos
991 319 1031 359 in
1055 319 1205 360 eodem
1229 320 1495 361 Dormitorio
1518 335 1631 361 nunc
1654 334 1730 360 ex-

194 378 369 418 istentes
392 377 598 432 prosterni
629 377 784 418 facient
805 393 814 426 3
838 388 880 418 et
901 392 1048 418 eorum
1070 378 1351 419 fundamenta
1387 393 1491 432 pure
1516 378 1726 427 mundari,

196 449 275 489 pro
308 450 420 476 novo
455 451 584 491 opere
620 435 907 490 imponend03
940 451 1036 491 quae
1071 435 1321 476 fundamina
1352 445 1474 476 erunt
1497 435 1664 490 incepta
1685 445 1729 477 et

198 493 339 547 posita
370 508 446 548 per
476 493 694 533 consilium
719 502 759 534 et
782 494 1135 534 deliberacionem
1159 493 1260 534 dicti
1286 493 1441 534 Prioris
1463 502 1507 534 et
1531 494 1730 535 Conven-

200 560 282 591 tus.
346 551 403 592 Et
437 551 608 592 habebit
630 552 741 592 idem
765 552 1046 592 cementarius
1068 567 1215 592 omnes
1237 551 1396 606 lapides
1420 561 1462 592 et
1486 560 1727 592 cementum

201 609 255 649 (le
293 609 419 649 muris
456 609 636 665 antiquis
674 610 864 663 ejusdem
906 609 1157 650 Dormitorii
1194 609 1503 663 prosternendi,
1528 618 1571 650 et
1594 624 1727 649 novos

200 666 363 722 lapides
386 682 464 722 pro
486 669 637 708 eodem
661 667 926 708 Dormitorio
948 668 1001 709 de
1023 682 1135 708 novo
1156 666 1345 708 exscisos
1365 676 1409 708 et
1426 668 1655 716 ordinatos,
1675 667 1727 707 ad

203 725 488 779 suplecionem
525 725 662 780 operis
700 725 942 780 supradicti.
1006 726 1074 766 Ita
1108 735 1249 766 tamen
1284 725 1399 781 quod
1430 725 1558 766 faciat
1580 740 1728 765 omnes

204 782 408 823 fenestras
448 783 639 838 antiquas
675 792 714 824 et
751 783 910 837 lapides
933 783 985 824 (le
1016 798 1127 823 novo
1149 783 1358 832 renovari,
1382 798 1461 838 pro
1499 783 1657 823 decore
1687 792 1731 824 et

206 841 503 882 conformitate
541 841 642 881 dicti
680 841 834 895 operis.
900 841 1200 882 Praenominati
1239 841 1371 881 eciam
1400 841 1519 881 Prior
1547 850 1591 881 et
1617 841 1731 882 Con-

205 908 358 939 ventus
385 899 547 940 dabunt
574 899 781 954 praedicto
811 900 1085 948 cementario,
1117 898 1305 953 quolibet
1329 913 1455 947 anno,
1480 897 1730 939 durantibus

205 957 340 997 tribus
375 957 494 997 annis
530 957 794 1011 supradictis,
819 957 992 1012 quando
1026 957 1248 1011 praefatum
1288 957 1479 997 Priorem
1502 956 1731 1010 contigerit

203 1014 505 1056 liberacionem
542 1016 671 1069 panni
706 1014 847 1055 facere
882 1014 1136 1071 generalem,
1161 1028 1291 1054 unum
1321 1023 1654 1067 garmamentum
1678 1014 1731 1055 (le

203 1082 319 1113 secta
339 1073 644 1130 armigerorum
680 1072 847 1112 Prioris.
927 1072 1103 1113 Dabunt
1125 1071 1253 1112 etiam
1286 1071 1425 1113 eidem
1459 1072 1730 1122 cementario,

206 1108 471 1171 durantibus
480 1131 612 1172 tribus
630 1129 747 1171 aunis
761 1129 1029 1184 supradictis,
1051 1129 1206 1170 victum
1223 1131 1263 1169 in
1286 1130 1513 1171 esculentis
1535 1139 1578 1170 et
1600 1146 1733 1185 pocu-

205 1188 331 1228 lentis
353 1204 429 1242 pro
461 1188 554 1243 ipso
586 1198 629 1229 et
661 1187 860 1242 garcioue
888 1203 978 1237 suo,
1008 1188 1348 1253 quandocunque
1370 1203 1448 1243 pro
1474 1203 1602 1242 opere
1624 1203 1733 1242 prae-

205 1246 321 1287 dicto
345 1246 549 1287 Dunelmi
571 1261 730 1286 moram
755 1247 947 1295 traxerit,
971 1254 1014 1286 et
1045 1246 1201 1287 ibidem
1226 1246 1336 1287 cirea
1357 1262 1462 1301 opus
1481 1246 1730 1300 praedietum

205 1304 330 1345 fuerit
369 1314 611 1359 occup.atus
688 1304 865 1344 Dabunt
903 1304 1045 1359 itaque
1078 1304 1215 1345 dictus
1254 1304 1374 1344 Prior
1405 1313 1446 1345 et
1483 1305 1730 1345 Conventus

203 1364 461 1404 cementario
494 1362 736 1417 supi-adleto
765 1377 842 1417 pro
879 1362 1066 1418 qualibet
1102 1362 1208 1403 roda
1240 1362 1377 1416 operis
1410 1362 1600 1416 praedicti
1634 1378 1731 1418 quae

204 1420 439 1462 continebit
472 1435 545 1461 sex
581 1421 700 1461 ulnas
737 1429 779 1460 et
813 1420 916 1460 duas
939 1430 1077 1474 partes
1105 1421 1226 1460 unius
1250 1420 1362 1460 ulnae
1384 1435 1522 1476 squar,
1547 1429 1631 1461 tam
1655 1422 1732 1462 sub

204 1488 318 1519 terra
362 1494 486 1534 quam
526 1493 652 1533 supra
688 1487 857 1526 terram,
882 1477 1028 1518 decan]
1053 1493 1213 1518 marcas
1235 1477 1424 1531 argenti:
1458 1478 1571 1519 unde
1592 1478 1646 1519 ad
1670 1479 1732 1519 iu-

204 1536 443 1591 ceptionem
478 1538 615 1591 operis
654 1535 884 1590 supradicti
926 1536 1037 1576 idem
1080 1536 1360 1577 cementarius
1401 1536 1606 1591 percipiet
1643 1551 1731 1591 prae

203 1594 397 1635 manibus
431 1594 713 1650 quadraginta
745 1594 872 1634 libras
906 1594 1092 1647 argenti3
1125 1603 1168 1634 et
1203 1605 1365 1649 postea,
1389 1608 1484 1634 cum
1507 1594 1732 1648 perfecerit

202 1652 256 1693 ad
294 1652 479 1694 valorem
513 1667 588 1693 sex
623 1651 822 1692 rodarum
857 1652 995 1706 operis
1027 1651 1273 1706 supradicti,
1308 1652 1410 1692 alias
1451 1652 1733 1708 quadraginta

202 1710 329 1751 libras
348 1725 358 1758 3
391 1721 434 1751 et
450 1710 507 1751 sic
540 1709 700 1751 tociens
733 1710 1011 1765 quadraginta
1033 1710 1157 1750 libras
1180 1710 1378 1765 quotiens
1401 1710 1625 1763 perfecerit
1656 1725 1729 1751 sex

201 1769 342 1817 rodas,
368 1768 495 1808 modo
527 1768 798 1822 supradict03
833 1768 968 1808 donec
991 1768 1240 1820 praedictum
1264 1782 1368 1821 opus
1390 1768 1513 1808 fuerit
1546 1768 1731 1822 plenarie

201 1835 556 1866 consummatum.
589 1825 766 1866 Proviso
788 1834 930 1865 tamen
953 1826 1082 1879 quod,
1110 1826 1219 1865 ultra
1238 1825 1455 1879 praemissa
1475 1827 1729 1879 specificata,

204 1883 330 1922 nichil
363 1882 684 1938 quomodolibet
722 1882 799 1922 sibi
835 1882 971 1922 valeat
1008 1883 1245 1923 vendicare.
1312 1882 1366 1923 Et
1397 1883 1476 1923 erit
1499 1883 1728 1936 praedictus

201 1940 495 1989 cementarius,
526 1949 568 1981 et
582 1948 764 1995 quatuor
785 1939 877 1979 aliae
893 1939 1145 1980 sufficientes
1180 1954 1386 1993 personae,
1411 1940 1583 1994 obligati
1608 1941 1731 1981 dictis

205 1997 341 2038 Priori
364 2007 405 2039 et
429 1998 669 2038 Conventui
692 1998 733 2036 in
764 2011 849 2037 una
870 1997 1147 2053 obligacione,
1172 2012 1249 2051 per
1270 1996 1491 2038 concilium
1517 1998 1727 2039 dictorum

206 2054 363 2096 Pr10ris
395 2065 438 2096 et
470 2056 719 2095 Conventus
757 2054 965 2103 facienda,
1014 2054 1053 2094 in
1099 2054 1379 2110 quadraginta
1411 2055 1525 2095 libris
1562 2056 1728 2110 singula

202 2113 293 2154 vice
314 2127 397 2168 qua
419 2112 700 2168 quadraginta
719 2112 846 2152 libras
877 2112 919 2152 iu
943 2113 1078 2152 forma
1098 2112 1302 2166 praedicta
1319 2112 1425 2152 idem
1449 2113 1728 2154 cementarius

201 2171 430 2224 receperit3
464 2169 673 2211 solvendis
689 2169 826 2210 eidem
854 2169 1002 2219 Priori,
1022 2179 1092 2210 aut
1112 2170 1201 2224 ejus
1223 2171 1547 2220 successoribus,
1573 2172 1613 2211 in
1628 2186 1725 2212 casu

202 2244 289 2283 quo
326 2228 435 2268 idem
476 2227 754 2268 cementarius
789 2227 992 2277 defecerit
1031 2228 1241 2281 perficere
1281 2242 1358 2282 pro
1380 2228 1556 2281 singulis
1578 2229 1723 2270 decem

202 2286 353 2326 marcis
370 2300 546 2326 summae
562 2285 780 2340 praedictae
797 2300 922 2325 uuam
942 2286 1089 2327 rodam
1112 2285 1251 2339 operis
1274 2285 1476 2326 antedicti
1499 2287 1576 2327 sub
1591 2286 1727 2328 forma

203 2356 244 2384 et
286 2343 535 2385 condicione
577 2344 767 2397 superius
804 2344 1060 2383 memoratis,
1143 2343 1191 2385 In
1213 2345 1329 2399 cujus
1351 2343 1410 2384 rei
1434 2345 1725 2385 testimonium

203 2401 481 2455 praesentibus
516 2401 748 2441 indenturis
771 2409 912 2455 partes
949 2400 1164 2454 praedictae
1201 2400 1338 2457 sigilla
1371 2416 1447 2442 sua
1483 2401 1724 2442 alternatim

201 2470 505 2514 apposuerunt.
568 2458 684 2500 Data
700 2458 769 2500 die
786 2457 963 2508 sabbati,
984 2458 1024 2498 in
1041 2458 1150 2499 festo
1170 2458 1315 2500 Sancti
1339 2458 1505 2499 Mathei
1529 2459 1725 2513 Apostoli

200 2527 244 2556 et
296 2516 591 2575 Evangelistae,
645 2531 755 2559 anno
797 2515 975 2560 Domini
1027 2515 1248 2557 millesimo
1283 2521 1414 2557 ecc¹¹¹⁰
1445 2518 1724 2571 nonagesimo

199 2584 365 2617 octavo,
