1807 2962
565 138 836 172 APPENDIX.
864 140 982 172 ANN.
1012 142 1162 174 me.
1473 134 1632 183 ccccxi

109 244 399 300 perprudenti,
423 244 599 286 salutem
622 246 662 286 in
689 247 875 289 Domino
896 248 1209 303 sempiternam.
1276 252 1434 295 Mentis
1457 256 1632 300 devocio

109 314 153 344 et
181 303 329 343 sinceri
353 304 489 344 cordis
521 304 710 354 affeccio,
735 320 838 360 quas
861 320 960 359 erga
980 307 1324 361 gloriosissimum
1348 313 1631 356 confessorem

108 370 299 401 sanctum
334 361 629 411 Cuthbertum,
664 372 888 416 patronum
922 373 1125 415 nostrum,
1151 380 1237 416 nos,
1261 383 1310 409 ac
1332 371 1632 414 monasterium

110 418 402 460 Dunelmense
437 418 614 468 habetis,
651 429 776 473 prout
810 435 866 460 ex
901 421 1034 462 literis
1057 423 1219 474 vestris,
1244 425 1505 483 aliorumque
1527 430 1632 472 fide--

109 475 237 528 digna
257 477 481 526 relacione,
499 477 609 517 clare
631 478 949 534 gaudenterque
972 480 1223 534 accepimus,
1247 483 1399 525 merito
1421 499 1494 527 nos
1517 488 1633 529 exci-

109 541 201 573 tant
235 543 279 574 et
316 535 522 575 inducunt
565 544 610 575 ut
651 535 780 585 vobis,
818 535 874 584 id,
911 537 1026 590 quod
1061 539 1115 578 de
1153 540 1305 580 nostris
1327 550 1390 582 est
1412 543 1633 597 optimum5

108 599 325 644 gratanter
365 592 696 635 contribuamus,
779 593 906 634 Unde
946 608 1018 634 vos
1055 603 1099 635 et
1135 606 1316 638 vestram
1347 613 1567 652 personam
1591 603 1633 645 in

109 647 496 692 confraternitatem
513 649 772 703 spiritualem
799 650 985 704 Capituli
1007 653 1138 692 nostri
1161 653 1461 698 Dunelmensis
1483 660 1635 703 admit-

109 706 234 747 timus
271 723 348 762 per
388 716 645 763 praesentes3
677 717 721 748 et
757 717 962 763 quantum
996 708 1037 748 in
1074 711 1194 751 nobis
1231 721 1307 763 est,
1343 724 1385 755 et
1408 716 1630 760 Altissimo

109 765 329 820 placuerit,
346 766 533 806 oninium
553 766 787 815 missarum,
807 765 1056 820 vigiliarum,
1073 767 1351 823 jejuniorum,
1368 774 1631 827 oracionum‚

108 823 481 877 praedicacionum,
517 822 755 864 divinorum
798 823 1046 874 officiorum,
1080 834 1420 884 caeterorumque
1454 847 1634 887 operum

109 882 293 937 pietatis,
325 897 421 937 quae
451 895 527 936 per
558 894 632 920 nos
664 888 706 921 et
727 896 993 922 successores
1014 892 1193 932 nostros,
1218 894 1304 926 tam
1335 887 1376 927 in
1408 888 1523 931 dicto
1544 906 1636 932 mo-

110 939 294 980 nasterio
319 949 462 980 nostro
487 938 782 988 Dunelmensi,
808 953 933 994 quam
965 939 1007 980 ln
1045 941 1174 982 Cellis
1205 943 1258 983 ab
1290 945 1442 986 eodem
1473 947 1633 1003 depen-

109 997 320 1047 dentibus,
340 998 447 1038 fiunt
466 1006 538 1037 aut
555 996 658 1036 fient
673 996 999 1051 imperpetuum,
1021 997 1208 1039 Domino
1225 1000 1441 1056 largi-ente,
1465 1006 1637 1060 partici-

110 1055 331 1110 pacionem
367 1055 485 1095 vobis
522 1054 794 1095 concedimus
828 1054 1067 1109 specialem.
1151 1057 1346 1114 Cumque
1366 1062 1419 1102 ab
1440 1062 1519 1105 hac
1540 1065 1634 1107 luce

110 1128 186 1167 per
215 1122 392 1154 mortem
429 1113 546 1153 Deus
569 1126 640 1152 vos
673 1113 928 1161 evocaverit,
953 1121 996 1153 et
1030 1113 1110 1154 hoc
1132 1115 1253 1156 nobis
1281 1120 1634 1164 certitudinaliter

110 1171 352 1212 intimatum
384 1170 527 1218 fuerit,
552 1184 628 1224 pro
651 1169 782 1220 vobis,
806 1170 912 1211 sicut
944 1185 1022 1225 pro
1056 1171 1145 1212 aliis
1178 1174 1457 1218 confratribus
1478 1181 1632 1222 nostriS

111 1228 395 1283 spiritualibus
437 1227 657 1277 defunctis,
701 1237 904 1269 consueta
944 1228 1187 1271 oracionum
1228 1233 1427 1289 suffragia
1457 1237 1630 1292 singulis

111 1287 229 1328 annis
265 1285 417 1328 futuris
455 1285 668 1340 perpetuis
703 1285 964 1340 temporibus
998 1288 1299 1341 persolvemus.
1363 1292 1411 1333 In
1433 1295 1548 1349 cujus
1570 1298 1631 1339 rei

111 1345 398 1386 testimonium
434 1343 615 1399 sigillum
648 1358 870 1385 commune
895 1344 1080 1398 Capituli
1103 1346 1234 1388 nostri
1255 1351 1538 1403 praesentibus
1568 1364 1634 1397 est

112 1418 359 1458 appensum.
426 1402 541 1442 Data
576 1401 792 1450 Dunehni‚
816 1401 858 1441 in
881 1401 1009 1443 domo
1033 1415 1177 1445 nostra
1197 1406 1432 1461 capitulari,
1465 1410 1631 1456 decimo

112 1461 180 1502 die
203 1461 356 1502 mensis
389 1459 623 1510 Februarii,
643 1474 754 1500 anno
776 1460 955 1501 Domini
977 1465 1032 1500 Μο
1050 1461 1387 1517 quingentesimo
1408 1477 1572 1512 octavo.

269 1740 443 1769 CCCXXI.
480 1739 646 1766 LITERA
678 1738 1032 1767 TESTIMONIALIS
1066 1740 1206 1768 FACTA
1239 1740 1455 1772 ROBERTO

406 1797 593 1826 LOMLEY
626 1797 681 1824 ET
713 1797 992 1825 CUTHBERTO
1025 1798 1338 1828 BILLINGHAM.

606 1890 709 1935 [Reg.
726 1890 800 1923 111.
818 1891 916 1923 Parv.
929 1890 988 1923 fol.
1006 1891 1068 1928 170
1086 1892 1135 1933 b.]

174 1986 394 2031 Universis
433 1994 590 2027 sanctae
623 1984 770 2026 matris
803 1984 991 2026 ecclesiae
1032 1985 1141 2036 filiis,
1184 1987 1240 2028 ad
1270 2003 1377 2044 quos
1413 1999 1639 2044 praesentes

113 2048 248 2089 literae
279 2045 565 2100 pervenerint,
592 2043 797 2093 Thomas,
831 2043 1102 2097 permissione
1133 2043 1277 2087 divina
1298 2046 1421 2087 Prior
1450 2049 1639 2091 ecclesiae

116 2104 369 2147 cathedralis
394 2101 706 2150 Dunelmensis,
729 2116 779 2142 ac
809 2115 941 2142 sacrae
962 2102 1192 2156 theologiae
1213 2103 1437 2157 professor,
1460 2107 1638 2149 salutem

116 2163 157 2204 in
188 2162 375 2202 omnium
396 2160 619 2201 salvatore.
682 2160 791 2200 Cum
814 2159 1099 2215 unusquisque
1122 2160 1384 2202 Christianus
1412 2165 1638 2207 ortodoxae

116 2220 215 2262 fidei
247 2228 442 2260 teneatur
473 2217 516 2257 id
556 2230 768 2266 exercere,
806 2231 892 2272 quo
924 2218 1120 2258 meritum
1151 2218 1218 2259 hic
1248 2219 1408 2261 habere
1430 2222 1560 2275 possit
1591 2233 1636 2265 et

117 2278 337 2333 praemium
369 2277 412 2316 in
444 2275 650 2322 futurum,
674 2274 771 2315 hinc
802 2284 879 2322 est,
903 2274 1032 2329 quod,
1056 2275 1319 2317 universitati
1343 2287 1491 2319 vestrae
1513 2279 1636 2322 inno-

118 2335 315 2378 tescimus
353 2348 429 2388 per
461 2341 704 2386 praesentes,
739 2331 854 2387 quod
892 2332 1103 2372 Robertus
1139 2333 1322 2389 Lomley
1353 2334 1561 2378 heremita
1591 2348 1635 2380 et

121 2394 381 2436 Cuthbertus
402 2389 655 2444 Billingham
671 2404 913 2443 generosus,
929 2389 1223 2431 Dunelmensis
1238 2390 1466 2443 dioceseos,
1483 2394 1638 2437 latores

118 2450 409 2508 praesenciam,
434 2448 577 2489 divina
609 2447 774 2488 favente
803 2446 957 2500 gracia,
985 2448 1236 2488 Sanctorum
1266 2449 1360 2491 loca
1390 2449 1430 2490 in
1464 2451 1639 2495 diversis

118 2509 263 2551 mundi
284 2507 473 2564 partibus
495 2505 663 2546 visitare
685 2504 914 2546 intendunt
948 2513 992 2545 et
1026 2505 1296 2560 peregrinari.
1361 2507 1525 2550 Idcirco
1548 2527 1639 2553 ves-

119 2577 227 2608 tram
264 2564 580 2607 universitatem
621 2571 783 2603 attente
804 2577 1001 2618 rogamus
1032 2571 1073 2603 et
1106 2563 1327 2605 hortamur
1368 2566 1409 2606 in
1447 2566 1637 2612 Domino

118 2625 232 2681 quod
256 2639 349 2665 curn
369 2622 471 2664 dicti
500 2621 712 2662 Robertus
734 2629 777 2661 et
809 2620 1085 2670 Cuthbertus,
1110 2620 1187 2661 viri
1218 2621 1317 2663 vitae
1349 2623 1488 2674 bonae,
1512 2626 1637 2670 fainae

118 2698 167 2724 ac
218 2681 408 2722 honestae
440 2677 788 2727 conversacionis,
841 2677 897 2718 ad
941 2692 1012 2719 vos
1054 2687 1095 2720 et
1126 2678 1219 2720 loca
1269 2689 1408 2722 vestra
1455 2687 1642 2739 peregri-

118 2740 259 2781 nando
308 2737 624 2785 declinaverint,
676 2736 802 2790 ipsos,
851 2745 894 2776 et
945 2750 1092 2776 eorum
1143 2745 1381 2793 utrumque,
1435 2749 1637 2797 tanquam

119 2798 254 2839 bonos
277 2810 318 2839 et
338 2796 535 2838 honestos
560 2793 834 2844 Christianos,
859 2792 1144 2836 favorabiliter
1167 2804 1207 2836 et
1229 2795 1412 2851 benigne
1437 2808 1633 2854 tractare,
