1807 2962
186 129 251 181 74<
535 135 666 168 ms'r.
693 133 925 167 DUNELM.
951 129 1250 165 SCRlPTORES
1271 129 1411 162 Tuas.

137 250 163 310 [
189 247 323 304 ayreis
341 246 479 287 avium
503 244 544 285 in
564 258 693 300 parco
716 242 769 283 de
790 239 1099 294 Muklinewyk‚
1124 246 1166 279 et
1184 252 1418 278 warennam
1439 235 1480 276 in
1497 236 1711 279 territorio

190 306 244 346 de
271 305 522 362 Wyvestow,
546 312 590 343 et
611 299 860 353 VVardeiay.
924 300 1066 346 Anno,
1091 308 1186 344 etc.,
1210 309 1376 342 mccxc,
1401 294 1536 335 oritur
1567 296 1712 348 gravis

189 364 396 404 dissensio
419 362 527 402 inter
543 359 731 400 Priorem
750 366 792 398 et
816 355 1086 409 Ranuiphum
1104 354 1156 394 de
1178 352 1304 393 Nova
1316 352 1428 392 Villa
1444 368 1572 407 super
1589 353 1712 393 obla-

188 421 304 463 tione
326 419 436 461 cervi
471 418 513 459 in
534 417 644 458 sesto
662 414 795 456 sancti
817 413 1043 455 Cuthberti
1066 412 1106 451 in
1134 410 1389 466 Septembri.
1445 409 1710 454 vendicabat

189 479 301 520 enim
325 478 393 518 ille
420 475 682 530 Ranulphus,
702 480 850 514 contra
870 485 1030 511 morem
1047 470 1368 525 progenitorum
1391 482 1578 517 suorum,
1596 483 1652 518 se,
1669 476 1712 512 et

189 552 294 592 quos
316 550 459 577 secum
481 533 726 581 adduceret,
750 544 825 585 per
851 529 1042 570 Priorem
1066 528 1222 568 debere
1245 525 1473 575 convivari,
1499 526 1710 566 ministros

193 594 351 636 Prioris
372 608 449 648 pro
467 592 539 632 illo
560 589 737 645 prandio
760 587 1002 635 ammoveri‚
1028 594 1070 626 et
1094 600 1190 626 suos
1214 584 1375 624 institui
1394 600 1406 632 3
1431 593 1474 624 et
1497 585 1570 633 sic,
1595 584 1710 639 quod

190 652 430 694 ordinatum
449 658 537 691 erat
558 648 608 689 ad
632 648 834 688 honorem
858 645 1006 694 sancti,
1041 651 1083 684 et
1114 643 1377 698 obsequium,
1398 650 1638 682 verteretur
1668 640 1712 682 in

190 725 296 751 onus
319 719 362 751 et
392 709 635 762 dampnum.
703 704 836 753 Prior,
874 702 956 743 hoc
992 701 1228 749 advertens,
1253 714 1421 741 cervum
1444 699 1712 753 deportatum

192 769 248 809 ad
268 768 484 815 feretrum,
508 772 552 806 et
574 763 760 804 oblatum
796 760 867 810 ibi,
892 760 1079 814 recipere
1101 758 1237 799 noluit
1257 773 1267 806 3
1305 766 1349 798 et
1384 772 1480 797 cum
1521 756 1712 798 homines

194 825 409 881 Ranulphi
430 824 483 865 ad
507 823 730 878 coquinam
748 819 914 860 deferre
936 826 1201 866 conarentur,
1221 816 1354 857 oritur
1367 815 1586 856 contentio
1604 815 1713 856 inter

190 884 385 924 homines
410 880 566 923 Prioris
583 890 626 920 et
647 879 773 934 ipsos,
799 886 841 917 et
860 877 911 916 de
933 874 1071 916 verbis
1093 889 1335 929 processum
1359 883 1421 914 est
1442 873 1498 913 ad
1522 873 1710 917 verbera.

197 942 325 983 Unde
358 951 399 982 et
430 938 622 980 homines
648 934 864 990 Ranulphi
887 948 1036 974 manus
1058 932 1263 973 violentas
1287 933 1328 972 in
1352 931 1581 981 monachos
1603 931 1714 975 circa

192 1000 324 1040 altare
346 997 632 1039 ministrantes
664 994 922 1049 injecerunt:
958 990 1153 1031 monachi
1177 1005 1294 1039 vem,
1319 1004 1342 1029 e
1365 1004 1582 1038 converso,
1615 1004 1712 1031 cum

192 1057 335 1107 cereiS,
354 1071 459 1113 quos
477 1054 714 1109 gestabant,
734 1051 826 1091 ilios
845 1058 1209 1104 repercusserunt:
1229 1061 1376 1087 cervus
1396 1061 1493 1087 vero
1514 1047 1715 1088 remansit

192 1131 286 1157 cum
310 1113 540 1162 monachis,
565 1121 607 1152 et
632 1108 882 1163 Ranuiphus
905 1107 1097 1161 repulsus
1118 1114 1182 1146 est
1199 1120 1293 1146 cum
1317 1105 1414 1148 suis,
1457 1105 1713 1146 Invitaverat

195 1172 446 1227 Ranulphus
485 1170 638 1211 multos
684 1168 737 1208 ad
780 1165 1032 1207 veniendum
1074 1179 1230 1212 secum,
1274 1171 1315 1204 et
1357 1177 1451 1203 cum
1494 1163 1711 1203 dominum

191 1231 430 1273 johannem
466 1229 519 1269 de
558 1225 742 1268 Balliolo
775 1223 888 1279 apud
913 1224 1111 1263 Castrum
1148 1221 1352 1263 Bernardi
1387 1220 1614 1271 invitasset,
1649 1236 1714 1262 re..

193 1288 365 1344 spondit
406 1303 449 1328 se
491 1287 530 1326 in
562 1283 715 1325 scholis
751 1280 1105 1323 Duneiinensibus
1151 1280 1315 1320 diucius
1356 1279 1602 1336 perstitisse,
1636 1294 1714 1321 nec

193 1361 379 1402 unquam
402 1360 444 1386 se
467 1343 630 1385 audisse
653 1341 767 1397 quod
790 1339 847 1380 illi
880 1339 933 1379 de
959 1337 1082 1378 Nova
1106 1338 1218 1378 Villa
1241 1337 1380 1379 taliter
1402 1336 1503 1393 quid
1536 1337 1576 1377 in
1600 1338 1713 1392 prio,-

192 1415 286 1446 ratu
321 1405 500 1445 clamare
542 1409 730 1457 possent,
775 1407 818 1439 et
859 1406 1034 1452 propter
1074 1395 1154 1436 hoc
1193 1411 1332 1436 secum
1376 1396 1520 1436 venire
1561 1395 1711 1439 noluit.

194 1462 369 1504 Interim
394 1459 633 1516 impetravit
659 1457 780 1497 Prior
812 1457 853 1495 in
892 1455 1086 1495 Romana
1107 1453 1222 1494 curia
1253 1455 1304 1494 ad
1328 1453 1627 1508 inquirendum
1661 1454 1714 1494 de

191 1520 432 1562 nominibus
465 1531 611 1559 eorum
649 1515 718 1571 qui
754 1513 941 1554 divinum
976 1511 1244 1566 impediebant
1278 1511 1475 1560 officium,
1501 1521 1543 1552 et
1567 1526 1713 1557 manus

193 1579 398 1619 violentas
418 1577 645 1631 injecerant
662 1574 701 1613 in
724 1571 954 1612 monachos
969 1569 1009 1609 in
1027 1570 1134 1610 sesto
1152 1579 1402 1624 praenotato,
1422 1579 1464 1610 et
1482 1570 1535 1610 ad
1559 1570 1716 1610 facien-

192 1637 290 1677 dum
316 1650 411 1691 quae
437 1633 603 1689 justitia
625 1631 839 1684 exigebat.
926 1627 1177 1681 Ranuiphus
1202 1642 1300 1668 vero
1327 1628 1514 1668 Priorem
1539 1627 1715 1682 inplaci-

192 1694 296 1735 tavit
327 1707 469 1734 coram
507 1689 755 1732 Justiciariis
791 1685 1016 1741 Episcopi3
1051 1686 1104 1726 de
1142 1686 1291 1741 quibus
1326 1700 1447 1735 unus,
1483 1695 1526 1726 et
1564 1686 1713 1740 major,

190 1751 386 1792 dominus
410 1749 653 1790 Willielmus
671 1747 724 1787 de
749 1746 999 1799 Brompton,
1018 1743 1187 1798 publice
1209 1753 1250 1784 et
1272 1758 1413 1784 coram
1436 1743 1629 1785 omnibus
1652 1752 1715 1786 est

189 1809 421 1857 confessus,
446 1807 559 1863 quod
583 1806 671 1861 ipse
694 1813 784 1845 erat
805 1802 963 1857 primus
977 1801 1049 1857 qui
1066 1802 1178 1842 illam
1203 1801 1467 1843 insolentiam
1486 1801 1711 1845 inchoavit.

190 1867 380 1917 Jtivenis,
405 1867 530 1914 enim,
555 1863 847 1905 delectabatur
869 1860 1061 1901 insonare
1095 1860 1314 1908 cornibus3
1339 1860 1593 1915 veniensque
1616 1874 1712 1900 cum

191 1926 366 1966 domino
403 1924 455 1964 de
494 1923 618 1964 Nova
639 1920 764 1970 Villa,
798 1919 908 1959 facta
929 1918 1145 1959 oblatione
1168 1917 1295 1968 cervi,
1320 1917 1428 1958 dixit
1449 1917 1573 1958 sociis
1595 1919 1677 1958 suis
1702 1932 1713 1966 ;

192 1990 221 2009 ‘⁶
242 1984 397 2024 Eamus
434 1982 474 2022 in
510 1979 782 2028 Abbathiam,
812 1986 855 2017 et
878 1976 933 2016 ibi
956 1990 1112 2016 cornua
1134 1975 1424 2023 insonemus;”
1443 1983 1485 2016 et
1508 1975 1712 2019 fecerunt.

192 2044 307 2083 Ante
339 2040 465 2096 igitur
496 2039 613 2079 illum
650 2035 922 2090 Ranulphum
946 2048 1159 2088 nunquam
1183 2034 1330 2089 aliquis
1351 2034 1712 2088 praedecessorum

190 2113 361 2140 suorum
385 2099 464 2138 hoc
486 2096 644 2153 exegit,
679 2095 752 2136 sed
783 2101 1000 2148 portantes
1022 2106 1195 2132 cervum
1218 2091 1258 2132 in
1293 2092 1389 2133 aula
1410 2092 1713 2148 jentabantur3

189 2156 384 2198 dominus
422 2170 519 2196 vero
560 2167 774 2209 nunquam
815 2151 1016 2191 remansit
1052 2150 1105 2190 ad
1142 2149 1368 2205 prandium
1402 2164 1485 2190 non
1526 2158 1714 2201 rogatus.

191 2214 404 2263 Tandem,
448 2212 730 2254 mediantibus
773 2208 981 2264 aliquibus
1025 2208 1230 2262 personis,
1270 2207 1430 2248 destitit
1470 2216 1647 2267 uterque
1688 2222 1714 2248 a

191 2272 504 2328 prosequendo,
537 2280 580 2311 et
617 2269 738 2311 Prior
772 2278 814 2308 et
851 2265 1125 2319 Rimulphuffi
1159 2275 1198 2306 et
1229 2276 1400 2314 extunc,
1426 2266 1592 2306 vivente
1629 2265 1714 2306 Ra-

192 2330 367 2385 mdpho,
396 2344 477 2369 non
508 2338 570 2370 est
602 2328 769 2369 oblatus
791 2338 952 2372 cerum,
978 2322 1049 2377 qui
1084 2333 1223 2364 tamen
1257 2323 1446 2379 quolibet
1471 2338 1580 2364 anno
1613 2333 1712 2364 ante

191 2387 331 2428 offerri
353 2387 569 2428 consuevit
591 2402 599 2427 :
623 2394 664 2425 et
687 2384 718 2425 si
742 2392 855 2424 recte.
877 2381 1175 2435 baptizaretur,
1201 2396 1284 2421 non
1309 2380 1482 2422 deberet
1499 2381 1579 2421 dici
1599 2381 1716 2422 obla-

192 2447 251 2485 tio
283 2446 355 2486 sed
395 2445 582 2485 redditus
601 2460 610 2491 ;
643 2442 741 2499 quia
766 2440 888 2493 Raby
910 2452 1005 2479 cum
1028 2448 1125 2480 octo
1148 2439 1253 2479 villis
1276 2438 1565 2492 adjacentibus
1583 2448 1711 2488 tenet,

192 2503 410 2544 reddendo
433 2501 648 2543 annuatim
672 2510 854 2555 quatuor
877 2496 1001 2537 libras
1023 2506 1064 2537 et
1088 2511 1216 2536 unum
1241 2511 1423 2539 cervum.
1484 2497 1566 2537 Iste
1594 2496 1714 2537 Prior

195 2561 505 2614 Speudingmor
536 2558 701 2612 redegit
731 2557 772 2597 in
806 2555 1024 2604 culturam,
1049 2569 1132 2595 non
1157 2553 1243 2595 sine
1267 2554 1427 2608 magnis
1449 2554 1714 2608 sumptibus;

192 2617 444 2658 resistebant
467 2618 575 2658 enim
599 2616 790 2656 homines
822 2613 874 2653 de
897 2612 1078 2662 Tudow,
1103 2622 1143 2652 et
1166 2612 1219 2652 de
1246 2612 1369 2661 Hett,
1404 2612 1459 2652 ibi
1482 2612 1711 2653 clamantes

192 2685 403 2727 pasturam
427 2688 705 2722 communem,
741 2671 814 2712 sed
850 2669 968 2711 Prior
997 2671 1241 2711 vexationes
1264 2670 1484 2720 redimens,
1520 2670 1712 2710 omnibus

193 2731 426 2779 satisfecit]
