<?xml version="1.0" encoding="UTF-8"?>
<!DOCTYPE html PUBLIC "-//W3C//DTD XHTML 1.0 Transitional//EN"
    "http://www.w3.org/TR/xhtml1/DTD/xhtml1-transitional.dtd">
<html xmlns="http://www.w3.org/1999/xhtml" xml:lang="en" lang="en">
 <head>
  <title>
</title>
<meta http-equiv="Content-Type" content="text/html;charset=utf-8" />
  <meta name='ocr-system' content='tesseract 3.04.00' />
  <meta name='ocr-capabilities' content='ocr_page ocr_carea ocr_par ocr_line ocrx_word'/>
</head>
<body>
  <div class='ocr_page' id='page_1' title='image "./historiaedunelme00gauf_0379.png"; bbox 0 0 1807 2962; ppageno 0'>
   <div class='ocr_carea' id='block_1_1' title="bbox 478 92 1613 143">
    <p class='ocr_par' dir='ltr' id='par_1_1' title="bbox 478 92 1613 143">
     <span class='ocr_line' id='line_1_1' title="bbox 478 92 1613 143; baseline -0.001 -4"><span class='ocrx_word' id='word_1_1' title='bbox 478 108 750 143; x_wconf 81' lang='lat' dir='ltr'><strong>APPENDIX.</strong></span> <span class='ocrx_word' id='word_1_2' title='bbox 792 107 910 137; x_wconf 88' lang='lat' dir='ltr'>ANN.</span> <span class='ocrx_word' id='word_1_3' title='bbox 939 105 1182 137; x_wconf 72' lang='lat' dir='ltr'>mcccxm.</span> <span class='ocrx_word' id='word_1_4' title='bbox 1490 92 1613 138; x_wconf 82' lang='lat' dir='ltr'>clxix</span> 
     </span>
    </p>
   </div>
   <div class='ocr_carea' id='block_1_2' title="bbox 82 210 1624 2536">
    <p class='ocr_par' dir='ltr' id='par_1_2' title="bbox 82 210 1624 2536">
     <span class='ocr_line' id='line_1_2' title="bbox 83 210 1614 279; baseline -0.002 -23"><span class='ocrx_word' id='word_1_5' title='bbox 83 216 137 257; x_wconf 89' lang='lat' dir='ltr'>de</span> <span class='ocrx_word' id='word_1_6' title='bbox 161 214 313 270; x_wconf 82' lang='lat' dir='ltr'>Cokyn</span> <span class='ocrx_word' id='word_1_7' title='bbox 339 214 513 265; x_wconf 84' lang='lat' dir='ltr'>clericis</span> <span class='ocrx_word' id='word_1_8' title='bbox 538 215 732 266; x_wconf 88' lang='lat' dir='ltr'>salutem,</span> <span class='ocrx_word' id='word_1_9' title='bbox 754 213 953 279; x_wconf 84' lang='lat' dir='ltr'>graciam,</span> <span class='ocrx_word' id='word_1_10' title='bbox 978 224 1021 254; x_wconf 86' lang='lat' dir='ltr'>et</span> <span class='ocrx_word' id='word_1_11' title='bbox 1045 210 1402 255; x_wconf 80' lang='lat' dir='ltr'><strong>benedictionem.</strong></span> <span class='ocrx_word' id='word_1_12' title='bbox 1469 211 1614 254; x_wconf 92' lang='lat' dir='ltr'>Nove-</span> 
     </span>
     <span class='ocr_line' id='line_1_3' title="bbox 82 269 1614 329; baseline -0.002 -15"><span class='ocrx_word' id='word_1_13' title='bbox 82 273 173 314; x_wconf 92' lang='lat' dir='ltr'>ritis</span> <span class='ocrx_word' id='word_1_14' title='bbox 194 272 309 329; x_wconf 92' lang='lat' dir='ltr'>quod</span> <span class='ocrx_word' id='word_1_15' title='bbox 339 288 414 314; x_wconf 92' lang='lat' dir='ltr'>nos</span> <span class='ocrx_word' id='word_1_16' title='bbox 446 288 582 329; x_wconf 91' lang='lat' dir='ltr'>nuper</span> <span class='ocrx_word' id='word_1_17' title='bbox 613 272 951 328; x_wconf 84' lang='lat' dir='ltr'>resignacionem</span> <span class='ocrx_word' id='word_1_18' title='bbox 985 271 1205 314; x_wconf 87' lang='lat' dir='ltr'>Prioratus</span> <span class='ocrx_word' id='word_1_19' title='bbox 1237 269 1428 311; x_wconf 82' lang='lat' dir='ltr'>ecclesiae</span> <span class='ocrx_word' id='word_1_20' title='bbox 1455 279 1614 311; x_wconf 82' lang='lat' dir='ltr'>nostrae</span> 
     </span>
     <span class='ocr_line' id='line_1_4' title="bbox 85 327 1614 386; baseline -0.002 -14"><span class='ocrx_word' id='word_1_21' title='bbox 85 331 401 381; x_wconf 81' lang='lat' dir='ltr'>Dunelmensis,</span> <span class='ocrx_word' id='word_1_22' title='bbox 425 346 502 386; x_wconf 78' lang='lat' dir='ltr'>pei</span> <span class='ocrx_word' id='word_1_23' title='bbox 533 331 706 372; x_wconf 88' lang='lat' dir='ltr'>fratrem</span> <span class='ocrx_word' id='word_1_24' title='bbox 743 331 979 372; x_wconf 88' lang='lat' dir='ltr'>Robertum</span> <span class='ocrx_word' id='word_1_25' title='bbox 1013 329 1067 371; x_wconf 92' lang='lat' dir='ltr'>de</span> <span class='ocrx_word' id='word_1_26' title='bbox 1093 328 1289 369; x_wconf 90' lang='lat' dir='ltr'>Wallw01</span> <span class='ocrx_word' id='word_1_27' title='bbox 1292 327 1338 369; x_wconf 89' lang='lat' dir='ltr'>th</span> <span class='ocrx_word' id='word_1_28' title='bbox 1362 335 1464 368; x_wconf 90' lang='lat' dir='ltr'>tunc</span> <span class='ocrx_word' id='word_1_29' title='bbox 1487 327 1614 382; x_wconf 88' lang='lat' dir='ltr'>ipsius</span> 
     </span>
     <span class='ocr_line' id='line_1_5' title="bbox 84 384 1613 436; baseline -0.004 -5"><span class='ocrx_word' id='word_1_30' title='bbox 84 390 276 431; x_wconf 86' lang='lat' dir='ltr'>ecclesiae</span> <span class='ocrx_word' id='word_1_31' title='bbox 307 398 465 431; x_wconf 85' lang='lat' dir='ltr'>nostrae</span> <span class='ocrx_word' id='word_1_32' title='bbox 500 389 691 431; x_wconf 79' lang='lat' dir='ltr'>Piiorem</span> <span class='ocrx_word' id='word_1_33' title='bbox 724 389 767 429; x_wconf 86' lang='lat' dir='ltr'>in</span> <span class='ocrx_word' id='word_1_34' title='bbox 798 404 950 430; x_wconf 86' lang='lat' dir='ltr'>manus</span> <span class='ocrx_word' id='word_1_35' title='bbox 971 395 1134 428; x_wconf 85' lang='lat' dir='ltr'>nostras</span> <span class='ocrx_word' id='word_1_36' title='bbox 1156 387 1329 436; x_wconf 81' lang='lat' dir='ltr'>factam,</span> <span class='ocrx_word' id='word_1_37' title='bbox 1354 384 1613 436; x_wconf 81' lang='lat' dir='ltr'>admisimus,</span> 
     </span>
     <span class='ocr_line' id='line_1_6' title="bbox 85 443 1617 503; baseline -0.003 -15"><span class='ocrx_word' id='word_1_38' title='bbox 85 447 307 503; x_wconf 87' lang='lat' dir='ltr'>ipsumque</span> <span class='ocrx_word' id='word_1_39' title='bbox 339 462 364 488; x_wconf 89' lang='lat' dir='ltr'>a</span> <span class='ocrx_word' id='word_1_40' title='bbox 400 462 514 498; x_wconf 84' lang='lat' dir='ltr'>cura,</span> <span class='ocrx_word' id='word_1_41' title='bbox 538 446 745 502; x_wconf 83' lang='lat' dir='ltr'>regimine</span> <span class='ocrx_word' id='word_1_42' title='bbox 767 455 809 488; x_wconf 91' lang='lat' dir='ltr'>et</span> <span class='ocrx_word' id='word_1_43' title='bbox 831 445 1202 488; x_wconf 84' lang='lat' dir='ltr'>administracione</span> <span class='ocrx_word' id='word_1_44' title='bbox 1224 444 1415 499; x_wconf 84' lang='lat' dir='ltr'>ejusdem</span> <span class='ocrx_word' id='word_1_45' title='bbox 1437 443 1617 485; x_wconf 89' lang='lat' dir='ltr'>absolvi-</span> 
     </span>
     <span class='ocr_line' id='line_1_7' title="bbox 85 503 1616 560; baseline -0.003 -14"><span class='ocrx_word' id='word_1_46' title='bbox 85 520 190 555; x_wconf 82' lang='lat' dir='ltr'>muS,</span> <span class='ocrx_word' id='word_1_47' title='bbox 214 521 380 546; x_wconf 84' lang='lat' dir='ltr'><strong>necnon</strong></span> <span class='ocrx_word' id='word_1_48' title='bbox 409 505 629 560; x_wconf 86' lang='lat' dir='ltr'>Suppriori</span> <span class='ocrx_word' id='word_1_49' title='bbox 652 514 695 546; x_wconf 92' lang='lat' dir='ltr'>et</span> <span class='ocrx_word' id='word_1_50' title='bbox 721 505 920 559; x_wconf 81' lang='lat' dir='ltr'>Capitulo</span> <span class='ocrx_word' id='word_1_51' title='bbox 942 504 1131 558; x_wconf 90' lang='lat' dir='ltr'>ejusdem</span> <span class='ocrx_word' id='word_1_52' title='bbox 1153 503 1343 544; x_wconf 91' lang='lat' dir='ltr'>ecclesiae</span> <span class='ocrx_word' id='word_1_53' title='bbox 1359 510 1517 543; x_wconf 88' lang='lat' dir='ltr'>nostrae</span> <span class='ocrx_word' id='word_1_54' title='bbox 1542 516 1616 556; x_wconf 90' lang='lat' dir='ltr'>per</span> 
     </span>
     <span class='ocr_line' id='line_1_8' title="bbox 84 560 1617 605; baseline -0.002 -1"><span class='ocrx_word' id='word_1_55' title='bbox 84 573 250 604; x_wconf 87' lang='lat' dir='ltr'>nostras</span> <span class='ocrx_word' id='word_1_56' title='bbox 272 563 375 605; x_wconf 86' lang='lat' dir='ltr'>ce1ti</span> <span class='ocrx_word' id='word_1_57' title='bbox 408 563 566 605; x_wconf 88' lang='lat' dir='ltr'>tenoris</span> <span class='ocrx_word' id='word_1_58' title='bbox 597 563 739 604; x_wconf 78' lang='lat' dir='ltr'>literas</span> <span class='ocrx_word' id='word_1_59' title='bbox 768 562 990 604; x_wconf 85' lang='lat' dir='ltr'>licenciam</span> <span class='ocrx_word' id='word_1_60' title='bbox 1023 561 1215 602; x_wconf 86' lang='lat' dir='ltr'>dedimus</span> <span class='ocrx_word' id='word_1_61' title='bbox 1238 576 1398 602; x_wconf 90' lang='lat' dir='ltr'>novum</span> <span class='ocrx_word' id='word_1_62' title='bbox 1424 560 1617 601; x_wconf 79' lang='lat' dir='ltr'>Piiorem</span> 
     </span>
     <span class='ocr_line' id='line_1_9' title="bbox 85 620 1616 678; baseline -0.003 -15"><span class='ocrx_word' id='word_1_63' title='bbox 85 621 284 678; x_wconf 84' lang='lat' dir='ltr'>eligendi,</span> <span class='ocrx_word' id='word_1_64' title='bbox 309 637 450 677; x_wconf 85' lang='lat' dir='ltr'>quern,</span> <span class='ocrx_word' id='word_1_65' title='bbox 475 637 571 663; x_wconf 88' lang='lat' dir='ltr'>curn</span> <span class='ocrx_word' id='word_1_66' title='bbox 595 622 754 663; x_wconf 88' lang='lat' dir='ltr'>electus</span> <span class='ocrx_word' id='word_1_67' title='bbox 784 620 927 670; x_wconf 86' lang='lat' dir='ltr'>fuerit,</span> <span class='ocrx_word' id='word_1_68' title='bbox 950 620 1121 661; x_wconf 83' lang='lat' dir='ltr'>racione</span> <span class='ocrx_word' id='word_1_69' title='bbox 1143 629 1302 660; x_wconf 84' lang='lat' dir='ltr'>nostrae</span> <span class='ocrx_word' id='word_1_70' title='bbox 1335 633 1428 674; x_wconf 80' lang='lat' dir='ltr'>piel</span> <span class='ocrx_word' id='word_1_71' title='bbox 1432 627 1616 672; x_wconf 78' lang='lat' dir='ltr'>ogativae</span> 
     </span>
     <span class='ocr_line' id='line_1_10' title="bbox 85 677 1617 735; baseline -0.001 -15"><span class='ocrx_word' id='word_1_72' title='bbox 85 680 230 734; x_wconf 75' lang='lat' dir='ltr'>legiae,</span> <span class='ocrx_word' id='word_1_73' title='bbox 255 679 513 722; x_wconf 90' lang='lat' dir='ltr'>eleccionem</span> <span class='ocrx_word' id='word_1_74' title='bbox 536 680 741 734; x_wconf 90' lang='lat' dir='ltr'>ejusdem,</span> <span class='ocrx_word' id='word_1_75' title='bbox 776 681 893 735; x_wconf 89' lang='lat' dir='ltr'>cujus</span> <span class='ocrx_word' id='word_1_76' title='bbox 915 679 1187 720; x_wconf 87' lang='lat' dir='ltr'>confirmacio</span> <span class='ocrx_word' id='word_1_77' title='bbox 1209 692 1282 718; x_wconf 92' lang='lat' dir='ltr'>seu</span> <span class='ocrx_word' id='word_1_78' title='bbox 1304 677 1540 718; x_wconf 89' lang='lat' dir='ltr'>infirmacio</span> <span class='ocrx_word' id='word_1_79' title='bbox 1561 677 1617 718; x_wconf 90' lang='lat' dir='ltr'>ad</span> 
     </span>
     <span class='ocr_line' id='line_1_11' title="bbox 85 736 1616 800; baseline -0.001 -21"><span class='ocrx_word' id='word_1_80' title='bbox 85 753 164 779; x_wconf 89' lang='lat' dir='ltr'>nos</span> <span class='ocrx_word' id='word_1_81' title='bbox 201 738 255 779; x_wconf 92' lang='lat' dir='ltr'>de</span> <span class='ocrx_word' id='word_1_82' title='bbox 279 739 380 794; x_wconf 89' lang='lat' dir='ltr'>jure</span> <span class='ocrx_word' id='word_1_83' title='bbox 402 738 614 794; x_wconf 88' lang='lat' dir='ltr'>pertinere</span> <span class='ocrx_word' id='word_1_84' title='bbox 635 737 881 787; x_wconf 81' lang='lat' dir='ltr'>dinoscitur,</span> <span class='ocrx_word' id='word_1_85' title='bbox 904 736 1025 778; x_wconf 92' lang='lat' dir='ltr'>nobis</span> <span class='ocrx_word' id='word_1_86' title='bbox 1057 744 1315 791; x_wconf 84' lang='lat' dir='ltr'>presentare,</span> <span class='ocrx_word' id='word_1_87' title='bbox 1340 743 1616 800; x_wconf 83' lang='lat' dir='ltr'>nostrumque</span> 
     </span>
     <span class='ocr_line' id='line_1_12' title="bbox 86 792 1617 860; baseline -0.002 -23"><span class='ocrx_word' id='word_1_88' title='bbox 86 811 302 837; x_wconf 85' lang='lat' dir='ltr'>assensum</span> <span class='ocrx_word' id='word_1_89' title='bbox 324 806 522 860; x_wconf 87' lang='lat' dir='ltr'>tanquam</span> <span class='ocrx_word' id='word_1_90' title='bbox 553 795 764 852; x_wconf 89' lang='lat' dir='ltr'>Principis</span> <span class='ocrx_word' id='word_1_91' title='bbox 797 795 966 836; x_wconf 71' lang='lat' dir='ltr'>racione</span> <span class='ocrx_word' id='word_1_92' title='bbox 989 794 1115 836; x_wconf 80' lang='lat' dir='ltr'>dictae</span> <span class='ocrx_word' id='word_1_93' title='bbox 1147 803 1306 835; x_wconf 84' lang='lat' dir='ltr'>nostrae</span> <span class='ocrx_word' id='word_1_94' title='bbox 1334 792 1617 849; x_wconf 79' lang='lat' dir='ltr'>plerogativae</span> 
     </span>
     <span class='ocr_line' id='line_1_13' title="bbox 86 851 1618 910; baseline -0.001 -16"><span class='ocrx_word' id='word_1_95' title='bbox 86 854 216 909; x_wconf 86' lang='lat' dir='ltr'>regiae</span> <span class='ocrx_word' id='word_1_96' title='bbox 236 869 425 910; x_wconf 87' lang='lat' dir='ltr'>1·equ1re1</span> <span class='ocrx_word' id='word_1_97' title='bbox 427 870 450 896; x_wconf 89' lang='lat' dir='ltr'>e</span> <span class='ocrx_word' id='word_1_98' title='bbox 466 863 690 903; x_wconf 61' lang='lat' dir='ltr'>tenentum</span> <span class='ocrx_word' id='word_1_99' title='bbox 716 854 1047 896; x_wconf 84' lang='lat' dir='ltr'>Considerantes</span> <span class='ocrx_word' id='word_1_100' title='bbox 1061 861 1205 893; x_wconf 86' lang='lat' dir='ltr'>tamen</span> <span class='ocrx_word' id='word_1_101' title='bbox 1219 852 1352 893; x_wconf 82' lang='lat' dir='ltr'>nostri</span> <span class='ocrx_word' id='word_1_102' title='bbox 1366 851 1618 893; x_wconf 86' lang='lat' dir='ltr'>distanciam</span> 
     </span>
     <span class='ocr_line' id='line_1_14' title="bbox 89 910 1618 967; baseline -0.001 -14"><span class='ocrx_word' id='word_1_103' title='bbox 89 913 142 953; x_wconf 83' lang='lat' dir='ltr'>ab</span> <span class='ocrx_word' id='word_1_104' title='bbox 176 912 353 954; x_wconf 87' lang='lat' dir='ltr'>ecclesia</span> <span class='ocrx_word' id='word_1_105' title='bbox 384 922 529 954; x_wconf 86' lang='lat' dir='ltr'>nostra</span> <span class='ocrx_word' id='word_1_106' title='bbox 550 913 757 967; x_wconf 81' lang='lat' dir='ltr'>praedicta</span> <span class='ocrx_word' id='word_1_107' title='bbox 794 912 992 967; x_wconf 75' lang='lat' dir='ltr'>vaiiaque</span> <span class='ocrx_word' id='word_1_108' title='bbox 1029 920 1070 952; x_wconf 91' lang='lat' dir='ltr'>et</span> <span class='ocrx_word' id='word_1_109' title='bbox 1105 911 1238 952; x_wconf 77' lang='lat' dir='ltr'>aldua</span> <span class='ocrx_word' id='word_1_110' title='bbox 1277 910 1408 965; x_wconf 87' lang='lat' dir='ltr'>Regis</span> <span class='ocrx_word' id='word_1_111' title='bbox 1431 918 1474 951; x_wconf 87' lang='lat' dir='ltr'>et</span> <span class='ocrx_word' id='word_1_112' title='bbox 1495 910 1618 965; x_wconf 86' lang='lat' dir='ltr'>regni</span> 
     </span>
     <span class='ocr_line' id='line_1_15' title="bbox 88 969 1619 1027; baseline -0.001 -16"><span class='ocrx_word' id='word_1_113' title='bbox 88 969 286 1027; x_wconf 86' lang='lat' dir='ltr'>negocia,</span> <span class='ocrx_word' id='word_1_114' title='bbox 311 970 464 1026; x_wconf 88' lang='lat' dir='ltr'>quibus</span> <span class='ocrx_word' id='word_1_115' title='bbox 495 970 722 1026; x_wconf 84' lang='lat' dir='ltr'>plurimum</span> <span class='ocrx_word' id='word_1_116' title='bbox 747 970 983 1025; x_wconf 76' lang='lat' dir='ltr'>praepediti,</span> <span class='ocrx_word' id='word_1_117' title='bbox 1008 969 1062 1011; x_wconf 88' lang='lat' dir='ltr'>ad</span> <span class='ocrx_word' id='word_1_118' title='bbox 1083 969 1241 1010; x_wconf 89' lang='lat' dir='ltr'>dictam</span> <span class='ocrx_word' id='word_1_119' title='bbox 1265 969 1499 1010; x_wconf 87' lang='lat' dir='ltr'>Ecclesiam</span> <span class='ocrx_word' id='word_1_120' title='bbox 1521 983 1619 1009; x_wconf 91' lang='lat' dir='ltr'>nos-</span> 
     </span>
     <span class='ocr_line' id='line_1_16' title="bbox 88 1027 1619 1083; baseline -0.001 -14"><span class='ocrx_word' id='word_1_121' title='bbox 88 1038 197 1069; x_wconf 76' lang='lat' dir='ltr'>tiam</span> <span class='ocrx_word' id='word_1_122' title='bbox 227 1028 506 1083; x_wconf 81' lang='lat' dir='ltr'>pelsonaliter</span> <span class='ocrx_word' id='word_1_123' title='bbox 539 1029 743 1070; x_wconf 78' lang='lat' dir='ltr'>aecede1e</span> <span class='ocrx_word' id='word_1_124' title='bbox 775 1044 859 1069; x_wconf 92' lang='lat' dir='ltr'>non</span> <span class='ocrx_word' id='word_1_125' title='bbox 894 1028 1095 1078; x_wconf 87' lang='lat' dir='ltr'>valemus,</span> <span class='ocrx_word' id='word_1_126' title='bbox 1119 1027 1393 1083; x_wconf 89' lang='lat' dir='ltr'>volentesque</span> <span class='ocrx_word' id='word_1_127' title='bbox 1428 1028 1619 1082; x_wconf 85' lang='lat' dir='ltr'>ipsorum</span> 
     </span>
     <span class='ocr_line' id='line_1_17' title="bbox 88 1084 1617 1151; baseline -0.001 -24"><span class='ocrx_word' id='word_1_128' title='bbox 88 1086 342 1141; x_wconf 87' lang='lat' dir='ltr'>eligencium</span> <span class='ocrx_word' id='word_1_129' title='bbox 363 1087 578 1128; x_wconf 86' lang='lat' dir='ltr'>laboribus</span> <span class='ocrx_word' id='word_1_130' title='bbox 609 1101 782 1142; x_wconf 83' lang='lat' dir='ltr'>parcere</span> <span class='ocrx_word' id='word_1_131' title='bbox 805 1096 846 1128; x_wconf 91' lang='lat' dir='ltr'>et</span> <span class='ocrx_word' id='word_1_132' title='bbox 868 1085 1081 1151; x_wconf 82' lang='lat' dir='ltr'>expensiS,</span> <span class='ocrx_word' id='word_1_133' title='bbox 1102 1100 1150 1127; x_wconf 88' lang='lat' dir='ltr'>ac</span> <span class='ocrx_word' id='word_1_134' title='bbox 1173 1086 1227 1127; x_wconf 92' lang='lat' dir='ltr'>de</span> <span class='ocrx_word' id='word_1_135' title='bbox 1249 1086 1399 1126; x_wconf 89' lang='lat' dir='ltr'>vestris</span> <span class='ocrx_word' id='word_1_136' title='bbox 1421 1084 1617 1136; x_wconf 87' lang='lat' dir='ltr'>sciencia,</span> 
     </span>
     <span class='ocr_line' id='line_1_18' title="bbox 87 1142 1618 1200; baseline -0.001 -14"><span class='ocrx_word' id='word_1_137' title='bbox 87 1145 488 1200; x_wconf 68' lang='lat' dir='ltr'>circumspeccione,</span> <span class='ocrx_word' id='word_1_138' title='bbox 520 1145 742 1195; x_wconf 87' lang='lat' dir='ltr'>industria,</span> <span class='ocrx_word' id='word_1_139' title='bbox 767 1154 810 1186; x_wconf 90' lang='lat' dir='ltr'>et</span> <span class='ocrx_word' id='word_1_140' title='bbox 833 1143 1111 1186; x_wconf 80' lang='lat' dir='ltr'>conscienciae</span> <span class='ocrx_word' id='word_1_141' title='bbox 1141 1145 1326 1199; x_wconf 85' lang='lat' dir='ltr'>puritate</span> <span class='ocrx_word' id='word_1_142' title='bbox 1360 1143 1403 1183; x_wconf 91' lang='lat' dir='ltr'>in</span> <span class='ocrx_word' id='word_1_143' title='bbox 1427 1142 1618 1184; x_wconf 86' lang='lat' dir='ltr'>Domino</span> 
     </span>
     <span class='ocr_line' id='line_1_19' title="bbox 88 1201 1615 1257; baseline -0.001 -14"><span class='ocrx_word' id='word_1_144' title='bbox 88 1203 368 1253; x_wconf 79' lang='lat' dir='ltr'>confidentes,</span> <span class='ocrx_word' id='word_1_145' title='bbox 404 1203 458 1244; x_wconf 92' lang='lat' dir='ltr'>ad</span> <span class='ocrx_word' id='word_1_146' title='bbox 500 1203 784 1257; x_wconf 86' lang='lat' dir='ltr'>recipiendam</span> <span class='ocrx_word' id='word_1_147' title='bbox 822 1212 865 1244; x_wconf 93' lang='lat' dir='ltr'>et</span> <span class='ocrx_word' id='word_1_148' title='bbox 905 1202 1215 1244; x_wconf 85' lang='lat' dir='ltr'>admittendam</span> <span class='ocrx_word' id='word_1_149' title='bbox 1254 1201 1615 1256; x_wconf 88' lang='lat' dir='ltr'>presentacionem</span> 
     </span>
     <span class='ocr_line' id='line_1_20' title="bbox 87 1259 1617 1317; baseline -0.001 -15"><span class='ocrx_word' id='word_1_150' title='bbox 87 1261 213 1302; x_wconf 87' lang='lat' dir='ltr'>electi</span> <span class='ocrx_word' id='word_1_151' title='bbox 249 1270 293 1302; x_wconf 91' lang='lat' dir='ltr'>et</span> <span class='ocrx_word' id='word_1_152' title='bbox 331 1261 553 1302; x_wconf 85' lang='lat' dir='ltr'>eleccionis</span> <span class='ocrx_word' id='word_1_153' title='bbox 590 1261 845 1317; x_wconf 86' lang='lat' dir='ltr'>hujusmodi,</span> <span class='ocrx_word' id='word_1_154' title='bbox 881 1276 929 1302; x_wconf 89' lang='lat' dir='ltr'>ac</span> <span class='ocrx_word' id='word_1_155' title='bbox 965 1260 1055 1301; x_wconf 85' lang='lat' dir='ltr'>vice</span> <span class='ocrx_word' id='word_1_156' title='bbox 1087 1269 1231 1301; x_wconf 80' lang='lat' dir='ltr'>nostra</span> <span class='ocrx_word' id='word_1_157' title='bbox 1264 1259 1617 1301; x_wconf 89' lang='lat' dir='ltr'>consentiendum</span> 
     </span>
     <span class='ocr_line' id='line_1_21' title="bbox 87 1317 1617 1375; baseline -0.001 -15"><span class='ocrx_word' id='word_1_158' title='bbox 87 1319 264 1369; x_wconf 86' lang='lat' dir='ltr'>eisdem,</span> <span class='ocrx_word' id='word_1_159' title='bbox 303 1319 464 1375; x_wconf 88' lang='lat' dir='ltr'>ipsique</span> <span class='ocrx_word' id='word_1_160' title='bbox 501 1319 636 1360; x_wconf 88' lang='lat' dir='ltr'>electo</span> <span class='ocrx_word' id='word_1_161' title='bbox 668 1320 856 1360; x_wconf 89' lang='lat' dir='ltr'>favorem</span> <span class='ocrx_word' id='word_1_162' title='bbox 879 1327 1069 1359; x_wconf 89' lang='lat' dir='ltr'>nostrum</span> <span class='ocrx_word' id='word_1_163' title='bbox 1092 1317 1426 1368; x_wconf 84' lang='lat' dir='ltr'>concedendum,</span> <span class='ocrx_word' id='word_1_164' title='bbox 1450 1332 1617 1359; x_wconf 88' lang='lat' dir='ltr'>necnon</span> 
     </span>
     <span class='ocr_line' id='line_1_22' title="bbox 89 1375 1617 1434; baseline -0.002 -15"><span class='ocrx_word' id='word_1_165' title='bbox 89 1378 144 1419; x_wconf 84' lang='lat' dir='ltr'>ad</span> <span class='ocrx_word' id='word_1_166' title='bbox 180 1377 490 1434; x_wconf 75' lang='lat' dir='ltr'>inquiiendum,</span> <span class='ocrx_word' id='word_1_167' title='bbox 534 1377 881 1427; x_wconf 86' lang='lat' dir='ltr'>examinandum,</span> <span class='ocrx_word' id='word_1_168' title='bbox 922 1384 965 1418; x_wconf 89' lang='lat' dir='ltr'>et</span> <span class='ocrx_word' id='word_1_169' title='bbox 1014 1375 1331 1417; x_wconf 87' lang='lat' dir='ltr'>discuciendum</span> <span class='ocrx_word' id='word_1_170' title='bbox 1373 1391 1542 1417; x_wconf 87' lang='lat' dir='ltr'>causam</span> <span class='ocrx_word' id='word_1_171' title='bbox 1574 1384 1617 1417; x_wconf 92' lang='lat' dir='ltr'>et</span> 
     </span>
     <span class='ocr_line' id='line_1_23' title="bbox 92 1433 1618 1492; baseline -0.001 -16"><span class='ocrx_word' id='word_1_172' title='bbox 92 1437 317 1491; x_wconf 88' lang='lat' dir='ltr'>negocium</span> <span class='ocrx_word' id='word_1_173' title='bbox 351 1435 575 1477; x_wconf 86' lang='lat' dir='ltr'>eleccionis</span> <span class='ocrx_word' id='word_1_174' title='bbox 612 1435 868 1492; x_wconf 89' lang='lat' dir='ltr'>hujusmodi,</span> <span class='ocrx_word' id='word_1_175' title='bbox 899 1450 996 1476; x_wconf 92' lang='lat' dir='ltr'>cum</span> <span class='ocrx_word' id='word_1_176' title='bbox 1019 1433 1213 1475; x_wconf 89' lang='lat' dir='ltr'>omnibus</span> <span class='ocrx_word' id='word_1_177' title='bbox 1245 1443 1286 1476; x_wconf 90' lang='lat' dir='ltr'>et</span> <span class='ocrx_word' id='word_1_178' title='bbox 1318 1433 1525 1491; x_wconf 83' lang='lat' dir='ltr'>singulis</span> <span class='ocrx_word' id='word_1_179' title='bbox 1515 1433 1618 1475; x_wconf 89' lang='lat' dir='ltr'>mci-</span> 
     </span>
     <span class='ocr_line' id='line_1_24' title="bbox 90 1491 1617 1560; baseline -0.002 -25"><span class='ocrx_word' id='word_1_180' title='bbox 90 1494 302 1544; x_wconf 84' lang='lat' dir='ltr'>dentibus,</span> <span class='ocrx_word' id='word_1_181' title='bbox 342 1493 668 1548; x_wconf 82' lang='lat' dir='ltr'>emergentibuS,</span> <span class='ocrx_word' id='word_1_182' title='bbox 702 1493 1054 1560; x_wconf 83' lang='lat' dir='ltr'>dependentibus,</span> <span class='ocrx_word' id='word_1_183' title='bbox 1087 1505 1130 1534; x_wconf 87' lang='lat' dir='ltr'>et</span> <span class='ocrx_word' id='word_1_184' title='bbox 1161 1507 1395 1541; x_wconf 78' lang='lat' dir='ltr'>connexi53</span> <span class='ocrx_word' id='word_1_185' title='bbox 1427 1491 1617 1533; x_wconf 87' lang='lat' dir='ltr'>desectus</span> 
     </span>
     <span class='ocr_line' id='line_1_25' title="bbox 90 1550 1618 1608; baseline -0.001 -16"><span class='ocrx_word' id='word_1_186' title='bbox 90 1552 237 1602; x_wconf 90' lang='lat' dir='ltr'>eciam,</span> <span class='ocrx_word' id='word_1_187' title='bbox 261 1552 295 1592; x_wconf 83' lang='lat' dir='ltr'>s&#39;i</span> <span class='ocrx_word' id='word_1_188' title='bbox 316 1567 422 1608; x_wconf 91' lang='lat' dir='ltr'>quos</span> <span class='ocrx_word' id='word_1_189' title='bbox 455 1553 496 1592; x_wconf 93' lang='lat' dir='ltr'>in</span> <span class='ocrx_word' id='word_1_190' title='bbox 530 1553 620 1606; x_wconf 87' lang='lat' dir='ltr'>ipsa</span> <span class='ocrx_word' id='word_1_191' title='bbox 653 1552 867 1593; x_wconf 88' lang='lat' dir='ltr'>eleccione</span> <span class='ocrx_word' id='word_1_192' title='bbox 904 1561 1014 1593; x_wconf 78' lang='lat' dir='ltr'>intel</span> <span class='ocrx_word' id='word_1_193' title='bbox 1019 1566 1159 1592; x_wconf 86' lang='lat' dir='ltr'>venue</span> <span class='ocrx_word' id='word_1_194' title='bbox 1190 1550 1446 1601; x_wconf 88' lang='lat' dir='ltr'>inveneritis,</span> <span class='ocrx_word' id='word_1_195' title='bbox 1470 1550 1544 1591; x_wconf 88' lang='lat' dir='ltr'>sed</span> <span class='ocrx_word' id='word_1_196' title='bbox 1575 1558 1618 1591; x_wconf 91' lang='lat' dir='ltr'>et</span> 
     </span>
     <span class='ocr_line' id='line_1_26' title="bbox 91 1608 1618 1666; baseline -0.001 -15"><span class='ocrx_word' id='word_1_197' title='bbox 91 1619 300 1666; x_wconf 84' lang='lat' dir='ltr'>quatenus</span> <span class='ocrx_word' id='word_1_198' title='bbox 322 1610 375 1650; x_wconf 89' lang='lat' dir='ltr'>de</span> <span class='ocrx_word' id='word_1_199' title='bbox 399 1610 498 1664; x_wconf 86' lang='lat' dir='ltr'>jure</span> <span class='ocrx_word' id='word_1_200' title='bbox 531 1609 724 1664; x_wconf 87' lang='lat' dir='ltr'>poteritis</span> <span class='ocrx_word' id='word_1_201' title='bbox 747 1610 989 1665; x_wconf 88' lang='lat' dir='ltr'>suplendos,</span> <span class='ocrx_word' id='word_1_202' title='bbox 1014 1624 1062 1650; x_wconf 89' lang='lat' dir='ltr'>ac</span> <span class='ocrx_word' id='word_1_203' title='bbox 1084 1608 1216 1664; x_wconf 83' lang='lat' dir='ltr'>ipsam</span> <span class='ocrx_word' id='word_1_204' title='bbox 1241 1608 1496 1650; x_wconf 86' lang='lat' dir='ltr'>eleccionem</span> <span class='ocrx_word' id='word_1_205' title='bbox 1519 1623 1618 1650; x_wconf 88' lang='lat' dir='ltr'>auc-</span> 
     </span>
     <span class='ocr_line' id='line_1_27' title="bbox 92 1666 1618 1723; baseline -0.001 -15"><span class='ocrx_word' id='word_1_206' title='bbox 92 1668 266 1709; x_wconf 87' lang='lat' dir='ltr'>toritate</span> <span class='ocrx_word' id='word_1_207' title='bbox 288 1677 448 1717; x_wconf 87' lang='lat' dir='ltr'>nostra,</span> <span class='ocrx_word' id='word_1_208' title='bbox 472 1677 600 1723; x_wconf 88' lang='lat' dir='ltr'>prout</span> <span class='ocrx_word' id='word_1_209' title='bbox 626 1668 733 1722; x_wconf 89' lang='lat' dir='ltr'>juris</span> <span class='ocrx_word' id='word_1_210' title='bbox 769 1668 908 1718; x_wconf 85' lang='lat' dir='ltr'>fuerit,</span> <span class='ocrx_word' id='word_1_211' title='bbox 941 1667 1290 1717; x_wconf 88' lang='lat' dir='ltr'>confirmandam,</span> <span class='ocrx_word' id='word_1_212' title='bbox 1316 1667 1382 1708; x_wconf 85' lang='lat' dir='ltr'>vel</span> <span class='ocrx_word' id='word_1_213' title='bbox 1403 1666 1618 1707; x_wconf 89' lang='lat' dir='ltr'>infirman-</span> 
     </span>
     <span class='ocr_line' id='line_1_28' title="bbox 93 1724 1619 1781; baseline -0.001 -15"><span class='ocrx_word' id='word_1_214' title='bbox 93 1726 204 1776; x_wconf 86' lang='lat' dir='ltr'>dam,</span> <span class='ocrx_word' id='word_1_215' title='bbox 224 1726 554 1781; x_wconf 85' lang='lat' dir='ltr'>canonicamque</span> <span class='ocrx_word' id='word_1_216' title='bbox 573 1725 864 1767; x_wconf 89' lang='lat' dir='ltr'>obedienciam</span> <span class='ocrx_word' id='word_1_217' title='bbox 883 1727 937 1767; x_wconf 90' lang='lat' dir='ltr'>ab</span> <span class='ocrx_word' id='word_1_218' title='bbox 959 1726 1110 1767; x_wconf 90' lang='lat' dir='ltr'>eodem</span> <span class='ocrx_word' id='word_1_219' title='bbox 1126 1726 1261 1766; x_wconf 88' lang='lat' dir='ltr'>electo</span> <span class='ocrx_word' id='word_1_220' title='bbox 1283 1724 1451 1766; x_wconf 90' lang='lat' dir='ltr'>nomine</span> <span class='ocrx_word' id='word_1_221' title='bbox 1473 1734 1619 1766; x_wconf 91' lang='lat' dir='ltr'>nostro</span> 
     </span>
     <span class='ocr_line' id='line_1_29' title="bbox 92 1783 1619 1839; baseline -0.001 -15"><span class='ocrx_word' id='word_1_222' title='bbox 92 1784 323 1839; x_wconf 87' lang='lat' dir='ltr'>petendam</span> <span class='ocrx_word' id='word_1_223' title='bbox 357 1793 400 1824; x_wconf 85' lang='lat' dir='ltr'>et.</span> <span class='ocrx_word' id='word_1_224' title='bbox 436 1783 734 1838; x_wconf 86' lang='lat' dir='ltr'>recipiendam,</span> <span class='ocrx_word' id='word_1_225' title='bbox 776 1784 896 1825; x_wconf 90' lang='lat' dir='ltr'>vobis</span> <span class='ocrx_word' id='word_1_226' title='bbox 931 1792 1005 1825; x_wconf 90' lang='lat' dir='ltr'>aut</span> <span class='ocrx_word' id='word_1_227' title='bbox 1045 1784 1215 1825; x_wconf 88' lang='lat' dir='ltr'>duobus</span> <span class='ocrx_word' id='word_1_228' title='bbox 1247 1791 1434 1824; x_wconf 88' lang='lat' dir='ltr'>vestrum</span> <span class='ocrx_word' id='word_1_229' title='bbox 1470 1791 1619 1824; x_wconf 87' lang='lat' dir='ltr'>tenore</span> 
     </span>
     <span class='ocr_line' id='line_1_30' title="bbox 92 1841 1620 1897; baseline -0.001 -15"><span class='ocrx_word' id='word_1_230' title='bbox 92 1841 372 1897; x_wconf 82' lang='lat' dir='ltr'>praesencium</span> <span class='ocrx_word' id='word_1_231' title='bbox 406 1841 705 1883; x_wconf 85' lang='lat' dir='ltr'>committimus</span> <span class='ocrx_word' id='word_1_232' title='bbox 738 1841 851 1883; x_wconf 92' lang='lat' dir='ltr'>vices</span> <span class='ocrx_word' id='word_1_233' title='bbox 885 1851 1062 1892; x_wconf 86' lang='lat' dir='ltr'>nostras,</span> <span class='ocrx_word' id='word_1_234' title='bbox 1100 1856 1195 1882; x_wconf 91' lang='lat' dir='ltr'>cum</span> <span class='ocrx_word' id='word_1_235' title='bbox 1228 1841 1451 1896; x_wconf 87' lang='lat' dir='ltr'>cujuslibet</span> <span class='ocrx_word' id='word_1_236' title='bbox 1471 1841 1620 1882; x_wconf 87' lang='lat' dir='ltr'>coher-</span> 
     </span>
     <span class='ocr_line' id='line_1_31' title="bbox 90 1898 1619 1956; baseline 0 -17"><span class='ocrx_word' id='word_1_237' title='bbox 90 1899 223 1940; x_wconf 87' lang='lat' dir='ltr'>cionis</span> <span class='ocrx_word' id='word_1_238' title='bbox 260 1900 476 1941; x_wconf 82' lang='lat' dir='ltr'>canonicae</span> <span class='ocrx_word' id='word_1_239' title='bbox 512 1909 750 1956; x_wconf 83' lang='lat' dir='ltr'>potestate3</span> <span class='ocrx_word' id='word_1_240' title='bbox 776 1901 959 1955; x_wconf 85' lang='lat' dir='ltr'>juribuS,</span> <span class='ocrx_word' id='word_1_241' title='bbox 999 1899 1290 1954; x_wconf 86' lang='lat' dir='ltr'>dignitatibus,</span> <span class='ocrx_word' id='word_1_242' title='bbox 1328 1898 1619 1954; x_wconf 86' lang='lat' dir='ltr'>prerogativis,</span> 
     </span>
     <span class='ocr_line' id='line_1_32' title="bbox 92 1957 1621 2014; baseline -0.001 -16"><span class='ocrx_word' id='word_1_243' title='bbox 92 1957 373 2008; x_wconf 80' lang='lat' dir='ltr'>libertatibus,</span> <span class='ocrx_word' id='word_1_244' title='bbox 398 1967 440 1999; x_wconf 93' lang='lat' dir='ltr'>et</span> <span class='ocrx_word' id='word_1_245' title='bbox 470 1958 699 2014; x_wconf 85' lang='lat' dir='ltr'>privilegiis</span> <span class='ocrx_word' id='word_1_246' title='bbox 722 1960 877 2000; x_wconf 88' lang='lat' dir='ltr'>nostris</span> <span class='ocrx_word' id='word_1_247' title='bbox 900 1968 943 2000; x_wconf 88' lang='lat' dir='ltr'>et</span> <span class='ocrx_word' id='word_1_248' title='bbox 965 1957 1154 2000; x_wconf 80' lang='lat' dir='ltr'>ecclesiae</span> <span class='ocrx_word' id='word_1_249' title='bbox 1176 1969 1333 1999; x_wconf 85' lang='lat' dir='ltr'>nostrae</span> <span class='ocrx_word' id='word_1_250' title='bbox 1356 1957 1621 1999; x_wconf 90' lang='lat' dir='ltr'>Dunelmen-</span> 
     </span>
     <span class='ocr_line' id='line_1_33' title="bbox 91 2015 1620 2072; baseline -0.001 -16"><span class='ocrx_word' id='word_1_251' title='bbox 91 2015 145 2056; x_wconf 89' lang='lat' dir='ltr'>sis</span> <span class='ocrx_word' id='word_1_252' title='bbox 168 2016 211 2057; x_wconf 91' lang='lat' dir='ltr'>in</span> <span class='ocrx_word' id='word_1_253' title='bbox 233 2017 427 2057; x_wconf 88' lang='lat' dir='ltr'>omnibus</span> <span class='ocrx_word' id='word_1_254' title='bbox 444 2031 609 2071; x_wconf 88' lang='lat' dir='ltr'>semper</span> <span class='ocrx_word' id='word_1_255' title='bbox 628 2016 764 2058; x_wconf 87' lang='lat' dir='ltr'>salvis.</span> <span class='ocrx_word' id='word_1_256' title='bbox 828 2017 877 2058; x_wconf 93' lang='lat' dir='ltr'>In</span> <span class='ocrx_word' id='word_1_257' title='bbox 900 2017 1019 2072; x_wconf 88' lang='lat' dir='ltr'>cujus</span> <span class='ocrx_word' id='word_1_258' title='bbox 1040 2017 1101 2058; x_wconf 87' lang='lat' dir='ltr'>rei</span> <span class='ocrx_word' id='word_1_259' title='bbox 1123 2015 1412 2058; x_wconf 89' lang='lat' dir='ltr'>testimonium</span> <span class='ocrx_word' id='word_1_260' title='bbox 1435 2015 1620 2069; x_wconf 85' lang='lat' dir='ltr'>sigillum</span> 
     </span>
     <span class='ocr_line' id='line_1_34' title="bbox 91 2072 1622 2130; baseline -0.001 -16"><span class='ocrx_word' id='word_1_261' title='bbox 91 2084 282 2115; x_wconf 89' lang='lat' dir='ltr'>nostrum</span> <span class='ocrx_word' id='word_1_262' title='bbox 303 2074 479 2116; x_wconf 87' lang='lat' dir='ltr'>fecimus</span> <span class='ocrx_word' id='word_1_263' title='bbox 501 2075 579 2115; x_wconf 82' lang='lat' dir='ltr'>hiis</span> <span class='ocrx_word' id='word_1_264' title='bbox 601 2076 773 2130; x_wconf 86' lang='lat' dir='ltr'>apponi.</span> <span class='ocrx_word' id='word_1_265' title='bbox 838 2075 974 2116; x_wconf 82' lang='lat' dir='ltr'>Data</span> <span class='ocrx_word' id='word_1_266' title='bbox 966 2090 1006 2115; x_wconf 90' lang='lat' dir='ltr'>m</span> <span class='ocrx_word' id='word_1_267' title='bbox 1023 2074 1213 2116; x_wconf 86' lang='lat' dir='ltr'>manerio</span> <span class='ocrx_word' id='word_1_268' title='bbox 1235 2082 1382 2115; x_wconf 87' lang='lat' dir='ltr'>nostro</span> <span class='ocrx_word' id='word_1_269' title='bbox 1402 2072 1622 2114; x_wconf 91' lang='lat' dir='ltr'>Londoni-</span> 
     </span>
     <span class='ocr_line' id='line_1_35' title="bbox 94 2131 1619 2188; baseline -0.001 -15"><span class='ocrx_word' id='word_1_270' title='bbox 94 2131 198 2182; x_wconf 91' lang='lat' dir='ltr'>ensi,</span> <span class='ocrx_word' id='word_1_271' title='bbox 221 2133 358 2188; x_wconf 87' lang='lat' dir='ltr'>primo</span> <span class='ocrx_word' id='word_1_272' title='bbox 380 2133 449 2174; x_wconf 91' lang='lat' dir='ltr'>die</span> <span class='ocrx_word' id='word_1_273' title='bbox 471 2133 623 2174; x_wconf 91' lang='lat' dir='ltr'>mensis</span> <span class='ocrx_word' id='word_1_274' title='bbox 648 2133 924 2188; x_wconf 81' lang='lat' dir='ltr'>Septembris,</span> <span class='ocrx_word' id='word_1_275' title='bbox 948 2149 1061 2175; x_wconf 88' lang='lat' dir='ltr'>anno</span> <span class='ocrx_word' id='word_1_276' title='bbox 1084 2132 1259 2173; x_wconf 90' lang='lat' dir='ltr'>Domini</span> <span class='ocrx_word' id='word_1_277' title='bbox 1292 2131 1516 2173; x_wconf 87' lang='lat' dir='ltr'>millesimo</span> <span class='ocrx_word' id='word_1_278' title='bbox 1540 2144 1619 2172; x_wconf 88' lang='lat' dir='ltr'>ccc</span> 
     </span>
     <span class='ocr_line' id='line_1_36' title="bbox 93 2189 1623 2246; baseline -0.001 -16"><span class='ocrx_word' id='word_1_279' title='bbox 93 2191 373 2244; x_wconf 84' lang='lat' dir='ltr'>nonagesimo</span> <span class='ocrx_word' id='word_1_280' title='bbox 394 2191 545 2246; x_wconf 89' lang='lat' dir='ltr'>primo.</span> <span class='ocrx_word' id='word_1_281' title='bbox 620 2191 677 2232; x_wconf 90' lang='lat' dir='ltr'>Et</span> <span class='ocrx_word' id='word_1_282' title='bbox 698 2201 854 2232; x_wconf 81' lang='lat' dir='ltr'>nostrae</span> <span class='ocrx_word' id='word_1_283' title='bbox 877 2190 1165 2233; x_wconf 85' lang='lat' dir='ltr'>translacionis</span> <span class='ocrx_word' id='word_1_284' title='bbox 1188 2199 1353 2246; x_wconf 86' lang='lat' dir='ltr'>quarto.</span> <span class='ocrx_word' id='word_1_285' title='bbox 1436 2189 1623 2242; x_wconf 88' lang='lat' dir='ltr'>Compa-</span> 
     </span>
     <span class='ocr_line' id='line_1_37' title="bbox 93 2245 1623 2304; baseline -0.001 -17"><span class='ocrx_word' id='word_1_286' title='bbox 93 2257 269 2289; x_wconf 84' lang='lat' dir='ltr'>ruerunt</span> <span class='ocrx_word' id='word_1_287' title='bbox 290 2248 421 2290; x_wconf 83' lang='lat' dir='ltr'>frater</span> <span class='ocrx_word' id='word_1_288' title='bbox 441 2250 659 2291; x_wconf 89' lang='lat' dir='ltr'>Johannes</span> <span class='ocrx_word' id='word_1_289' title='bbox 676 2249 731 2290; x_wconf 86' lang='lat' dir='ltr'>de</span> <span class='ocrx_word' id='word_1_290' title='bbox 751 2248 1094 2304; x_wconf 84' lang='lat' dir='ltr'>Hemyngburgh</span> <span class='ocrx_word' id='word_1_291' title='bbox 1115 2249 1195 2289; x_wconf 83' lang='lat' dir='ltr'>infr</span> <span class='ocrx_word' id='word_1_292' title='bbox 1197 2250 1399 2302; x_wconf 85' lang='lat' dir='ltr'>ascriptus</span> <span class='ocrx_word' id='word_1_293' title='bbox 1422 2261 1470 2287; x_wconf 88' lang='lat' dir='ltr'>ac</span> <span class='ocrx_word' id='word_1_294' title='bbox 1491 2245 1623 2286; x_wconf 85' lang='lat' dir='ltr'>frater</span> 
     </span>
     <span class='ocr_line' id='line_1_38' title="bbox 101 2302 1623 2361; baseline -0.002 -15"><span class='ocrx_word' id='word_1_295' title='bbox 101 2305 314 2348; x_wconf 86' lang='lat' dir='ltr'>Robertus</span> <span class='ocrx_word' id='word_1_296' title='bbox 351 2306 404 2347; x_wconf 89' lang='lat' dir='ltr'>de</span> <span class='ocrx_word' id='word_1_297' title='bbox 443 2307 760 2360; x_wconf 85' lang='lat' dir='ltr'>Langechestre</span> <span class='ocrx_word' id='word_1_298' title='bbox 783 2316 1033 2361; x_wconf 72' lang='lat' dir='ltr'>procurator</span> <span class='ocrx_word' id='word_1_299' title='bbox 1053 2305 1226 2361; x_wconf 86' lang='lat' dir='ltr'>capituli</span> <span class='ocrx_word' id='word_1_300' title='bbox 1248 2304 1436 2346; x_wconf 82' lang='lat' dir='ltr'>ecelesiae</span> <span class='ocrx_word' id='word_1_301' title='bbox 1460 2302 1623 2344; x_wconf 90' lang='lat' dir='ltr'>Dunel-</span> 
     </span>
     <span class='ocr_line' id='line_1_39' title="bbox 96 2360 1624 2419; baseline -0.001 -15"><span class='ocrx_word' id='word_1_302' title='bbox 96 2364 249 2404; x_wconf 88' lang='lat' dir='ltr'>mensis</span> <span class='ocrx_word' id='word_1_303' title='bbox 282 2373 410 2419; x_wconf 86' lang='lat' dir='ltr'>prout</span> <span class='ocrx_word' id='word_1_304' title='bbox 442 2379 519 2419; x_wconf 89' lang='lat' dir='ltr'>per</span> <span class='ocrx_word' id='word_1_305' title='bbox 541 2364 681 2405; x_wconf 87' lang='lat' dir='ltr'>literas</span> <span class='ocrx_word' id='word_1_306' title='bbox 710 2365 1019 2418; x_wconf 87' lang='lat' dir='ltr'>procuratorias</span> <span class='ocrx_word' id='word_1_307' title='bbox 1041 2363 1210 2419; x_wconf 83' lang='lat' dir='ltr'>sigillo</span> <span class='ocrx_word' id='word_1_308' title='bbox 1202 2364 1327 2417; x_wconf 77' lang='lat' dir='ltr'>ipsius</span> <span class='ocrx_word' id='word_1_309' title='bbox 1350 2360 1535 2415; x_wconf 85' lang='lat' dir='ltr'>capituli,</span> <span class='ocrx_word' id='word_1_310' title='bbox 1569 2361 1624 2402; x_wconf 84' lang='lat' dir='ltr'>de</span> 
     </span>
     <span class='ocr_line' id='line_1_40' title="bbox 97 2419 1623 2478; baseline -0.001 -17"><span class='ocrx_word' id='word_1_311' title='bbox 97 2436 184 2478; x_wconf 87' lang='lat' dir='ltr'>quo</span> <span class='ocrx_word' id='word_1_312' title='bbox 207 2422 331 2463; x_wconf 91' lang='lat' dir='ltr'>michi</span> <span class='ocrx_word' id='word_1_313' title='bbox 354 2422 573 2463; x_wconf 89' lang='lat' dir='ltr'>constabat</span> <span class='ocrx_word' id='word_1_314' title='bbox 591 2430 634 2463; x_wconf 89' lang='lat' dir='ltr'>et</span> <span class='ocrx_word' id='word_1_315' title='bbox 652 2431 817 2463; x_wconf 86' lang='lat' dir='ltr'>constat</span> <span class='ocrx_word' id='word_1_316' title='bbox 839 2421 1119 2464; x_wconf 87' lang='lat' dir='ltr'>communitas</span> <span class='ocrx_word' id='word_1_317' title='bbox 1141 2421 1297 2463; x_wconf 88' lang='lat' dir='ltr'>ibidem</span> <span class='ocrx_word' id='word_1_318' title='bbox 1318 2419 1527 2463; x_wconf 85' lang='lat' dir='ltr'>exhibitas</span> <span class='ocrx_word' id='word_1_319' title='bbox 1549 2433 1623 2474; x_wconf 84' lang='lat' dir='ltr'>ap·</span> 
     </span>
     <span class='ocr_line' id='line_1_41' title="bbox 97 2479 965 2536; baseline 0.003 -16"><span class='ocrx_word' id='word_1_320' title='bbox 97 2480 289 2536; x_wconf 86' lang='lat' dir='ltr'>parebat,</span> <span class='ocrx_word' id='word_1_321' title='bbox 312 2480 423 2521; x_wconf 92' lang='lat' dir='ltr'>hunc</span> <span class='ocrx_word' id='word_1_322' title='bbox 447 2488 640 2522; x_wconf 89' lang='lat' dir='ltr'>tenorem</span> <span class='ocrx_word' id='word_1_323' title='bbox 661 2479 877 2531; x_wconf 78' lang='lat' dir='ltr'>habentes,</span> <span class='ocrx_word' id='word_1_324' title='bbox 898 2484 965 2535; x_wconf 63' lang='lat' dir='ltr'>§sc-</span> 
     </span>
    </p>
   </div>
  </div>
 </body>
</html>
