1807 2962
458 71 737 103 APPENDIX.
770 70 886 102 ANN.
915 70 1274 102 mccccxcvni.
1381 60 1629 106 ccclxxxix

198 401 339 431 CCCII.
404 403 652 432 COMMISSIO
676 403 773 432 SIVE
797 402 998 433 MONICIO
1031 404 1164 435 MISSA
1186 403 1418 435 ECCLESIAE
1438 405 1499 436 DE

687 462 1008 490 BILLYNGHAM.

611 554 716 600 [Reg:
744 555 811 588 1V.
829 556 931 588 Parv.
948 555 1004 588 fol.
1023 557 1097 599 57.]

139 629 331 673 Thomas
348 632 624 688 permissione
646 632 788 674 divina
812 633 935 674 Prior
955 633 1147 675 ecclesiae
1165 633 1424 676 cathedralis
1448 635 1612 678 Dunel—

77 689 246 740 mensis,
271 690 587 732 Achidiaconus
609 690 650 731 in
672 691 869 732 omn-ibus
891 691 1078 732 ecclesiis
1099 691 1178 733 sibi
1209 700 1252 733 et
1286 691 1486 747 Capitulo
1517 694 1611 735 Du-

75 747 286 788 nelmensi
308 748 601 813 appropriatis,
626 748 765 798 unitis,
782 756 825 789 et
840 749 1030 798 annexis,
1049 748 1205 790 dilecto
1228 749 1381 790 nobis
1372 765 1414 790 in
1435 751 1607 793 Christo

73 814 285 859 perpetuo
316 806 471 846 vicario
507 806 698 847 ecclesiae
734 806 983 860 parochialis
1021 807 1074 847 de
1116 807 1402 863 Β)11ἰηὲὴεῑη],
1443 808 1607 850 Dunel-

73 862 229 903 mensis
251 862 482 928 dioceseos,
507 863 714 904 salutem
705 879 745 904 ln
769 872 942 905 auctore
965 864 1124 908 salutis.
1189 864 1313 905 Licet
1343 865 1464 906 Deus
1498 867 1604 907 Om-

71 919 283 974 nipotens,
302 935 398 961 curn
420 921 473 962 sit
497 921 615 962 Deus
637 921 843 971 omnium,
874 922 1095 962 ecclesiam
1117 921 1358 977 specialitel
1379 933 1605 965 asse1ue11t

71 976 245 1018 domum
270 994 402 1029 suam,
437 987 479 1020 et
510 994 602 1020 eam
640 994 726 1019 non
762 979 1074 1035 negociacionis
1095 980 1170 1020 sed
1200 979 1406 1020 oracionis
1428 980 1605 1022 domum

71 1035 256 1077 voluerit
276 1051 470 1077 nominai
473 1052 498 1086 1,
523 1045 687 1077 tantum
710 1036 942 1077 abhorrens
975 1052 1017 1077 ιη
1055 1037 1215 1091 templo
1249 1037 1603 1091 negociacionum

70 1093 326 1134 commercia
347 1093 548 1144 exerceri,
573 1103 633 1144 ut,
657 1093 771 1135 facto
792 1094 961 1147 flagello
988 1094 1041 1135 de
1062 1094 1271 1144 funiculis,
1297 1096 1525 1137 vendentes
1547 1097 1601 1138 de

70 1151 231 1216 templo
264 1151 433 1207 ejiceret
455 1160 498 1193 et
529 1161 732 1201 ementes,
766 1160 912 1206 aperte
946 1151 1185 1206 significans
1222 1167 1347 1208 quaxn
1385 1153 1600 1195 detestan-

69 1207 170 1248 dum
194 1208 246 1250 sit
264 1210 466 1250 delictum
485 1224 559 1250 θοι
564 1225 646 1259 um,
671 1210 744 1265 qui
766 1210 808 1250 in
831 1209 1016 1250 ecelesiis
1040 1218 1081 1250 et
1104 1209 1318 1251 cimiteriis
1343 1210 1441 1251 Deo
1463 1226 1601 1253 sacra-

68 1265 121 1307 tis
142 1276 329 1307 mercata
350 1267 523 1317 faciunt,
549 1267 872 1323 neoociaciones
895 1282 968 1308 seu
984 1267 1066 1308 alia
1082 1268 1306 1309 inhonesta
1322 1277 1364 1308 et
1381 1269 1600 1323 prophana

66 1334 282 1374 exercent,
303 1325 356 1365 de
378 1326 506 1366 domo
540 1325 624 1365 Dei
655 1325 899 1379 speluncam
931 1325 1144 1366 latronum
1177 1335 1219 1366 et
1241 1325 1413 1366 domum
1436 1326 1598 1368 diaboli

65 1381 274 1424 faciendo.
340 1382 570 1423 Relacione
594 1382 813 1436 fidedigna
834 1383 888 1423 ad
920 1393 1111 1424 nostrum
1144 1383 1337 1424 auditum
1369 1384 1521 1438 saepius
1553 1394 1596 1425 et

64 1453 200 1494 nuper
222 1449 285 1481 est
307 1441 537 1494 prolatum,
563 1441 678 1496 quod
702 1441 742 1481 in
764 1440 943 1481 ecclesia
965 1440 1017 1481 de
1041 1440 1299 1495 Billingham
1313 1442 1531 1495 praedicta,
1551 1450 1595 1483 et

61 1497 299 1552 praesertim
323 1499 366 1538 in
389 1498 596 1539 cimiterio
617 1498 820 1552 ejusdem,
839 1498 906 1538 vel
929 1498 1079 1539 saltem
1102 1514 1237 1553 prope
1259 1499 1596 1553 murum-hujus-

61 1555 178 1596 modi
200 1556 411 1605 cimiterii,
436 1565 623 1597 mercata
644 1555 762 1612 quasi
784 1557 999 1605 continue,
1031 1556 1206 1610 singulis
1238 1556 1387 1597 diebus
1410 1557 1592 1598 domini-

59 1612 118 1653 cis
141 1623 184 1655 et
206 1613 363 1654 festivis
386 1623 654 1663 exercentur,
688 1629 736 1654 ac
767 1628 831 1654 res
864 1623 906 1654 et
939 1614 1051 1654 bona
1084 1613 1374 1655 vendicacioni
1408 1615 1591 1668 publicae

59 1680 348 1725 exponuntur,
381 1686 457 1725 per
486 1671 678 1711 homines
711 1671 928 1726 utriusque
960 1686 1100 1720 sexuS,
1135 1682 1177 1712 et
1213 1671 1270 1712 sic
1304 1671 1345 1711 in
1376 1687 1591 1712 sacrorum

58 1743 270 1769 canonum
292 1738 595 1783 contemptum,
620 1729 809 1770 ecclesiae
831 1739 986 1770 sanctae
1018 1729 1429 1780 dehonestacionem,
1464 1739 1507 1770 et
1531 1730 1592 1785 ip·

58 1785 145 1827 sius
167 1786 252 1828 Dei
276 1786 592 1841 Omnipotentis
611 1787 826 1836 offensam,
852 1801 935 1827 non
954 1787 1120 1827 modica
1133 1795 1442 1841 perpetrantur.
1479 1788 1590 1829 Cum

58 1843 188 1898 igitur
223 1859 299 1898 per
335 1844 662 1885 constituciones
699 1854 940 1885 sanctorum
978 1853 1148 1900 patrum
1184 1844 1406 1886 inhibitum
1444 1845 1510 1895 sit,
1547 1857 1592 1887 et

54 1900 288 1943 inhibendo
310 1911 529 1951 statutum,
556 1911 600 1943 ut
621 1902 664 1942 in
687 1901 873 1944 ecclesiis
891 1903 1239 1958 quibuscumque,
1265 1918 1338 1943 seu
1362 1902 1587 1954 cimiteriis,

56 1968 255 2009 mercata,
298 1959 586 2010 mercimonia,
625 1959 961 2016 negociacioneS,
1005 1960 1248 2000 nullatenus
1289 1970 1585 2011 exerceantur,

55 2031 104 2058 ac
129 2018 363 2072 Episcopis,
400 2017 755 2073 ArchiepiscopiS,
788 2027 832 2059 et
866 2032 1012 2059 eorum
1046 2017 1306 2068 officialibus,
1342 2034 1415 2059 seu
1439 2034 1589 2060 eorum

55 2074 166 2116 vices
188 2074 446 2129 gerentibus,
470 2077 511 2115 in
531 2078 684 2117 virtute
707 2075 969 2117 obedienciae
997 2084 1041 2116 et
1074 2076 1151 2116 sub
1173 2090 1299 2130 poena
1320 2085 1588 2131 contemptus

54 2132 232 2173 firmiter
254 2132 307 2173 sit
343 2134 594 2187 injunctum,
638 2143 684 2174 ut
705 2133 784 2174 hoc
817 2134 984 2174 salubre
1006 2142 1212 2174 statutum
1249 2149 1324 2188 per
1364 2149 1588 2175 censuram

55 2190 380 2231 ecclesiasticam
405 2190 589 2231 fideliter
610 2190 767 2231 faciant
784 2190 1022 2238 observari3
1056 2206 1146 2240 nos»,
1170 2190 1312 2244 igitur,
1339 2191 1589 2232 municioni-

53 2248 132 2289 bus
155 2256 199 2288 et
230 2249 412 2302 paternis
448 2248 749 2288 tradicionibus
782 2248 1023 2302 hujusmodi
1065 2248 1257 2297 obedire,
1295 2258 1340 2288 ut
1378 2258 1584 2298 tenemur,

52 2306 262 2354 volentes,
288 2305 405 2345 vobis
427 2305 469 2345 in
493 2306 648 2345 virtute
670 2305 945 2354 obedienciae,
985 2314 1028 2345 et
1053 2305 1129 2346 sub
1161 2320 1289 2360 poena
1314 2316 1584 2361 contemptus

52 2363 233 2404 firmiter
255 2362 515 2420 injungendo
537 2363 797 2412 mandamus,
833 2372 1038 2418 quatenus
1073 2378 1217 2403 omnes
1240 2372 1281 2404 et
1300 2363 1489 2417 singulos
1512 2379 1587 2419 pa-

51 2421 274 2462 rochianos
298 2430 456 2462 vestros
477 2420 531 2460 de
554 2421 824 2476 Billingham,
859 2430 901 2461 et
933 2420 1024 2461 aliis
1047 2420 1147 2461 locis
1180 2421 1233 2461 ab
1255 2422 1401 2462 eadem
1425 2422 1586 2476 depen-

50 2479 248 2521 dentibus
271 2478 441 2544 publice
463 2487 506 2519 et
527 2478 814 2532 solempniter,
841 2477 878 2517 in
901 2493 1069 2530 genere,
1089 2487 1131 2519 et
1153 2480 1184 2518 si
1203 2493 1370 2519 necesse
1391 2479 1519 2520 fuerit
1542 2479 1585 2520 in

48 2537 203 2591 specie,
225 2537 445 2587 moneatis,
462 2551 567 2592 quos
591 2545 737 2576 tenore
756 2551 804 2600 pi
807 2535 1031 2577 aeseucium
1047 2536 1327 2590 per-emptmie
1346 2551 1580 2587 monemus,

48 2609 106 2636 ne
126 2595 180 2636 de
198 2605 354 2636 caetero
377 2594 418 2634 in
441 2594 618 2635 ecclesia
638 2609 710 2634 seu
734 2593 942 2635 cimiterio
964 2593 1175 2648 praedictis
1208 2604 1393 2635 mercata
1416 2604 1578 2645 tenere,

49 2653 371 2706 negociaciones
394 2652 546 2701 facere,
582 2666 742 2693 merces
779 2664 853 2692 aut
890 2651 1163 2692 mercimonia
1186 2652 1474 2693 vendicacioni
1504 2668 1581 2693 ex-

48 2725 222 2765 ponere,
245 2711 322 2752 sub
344 2725 469 2765 poena
491 2709 702 2751 interdicti
724 2709 914 2751 ecclesiae
937 2719 978 2751 et
1000 2709 1193 2751 cimiterii
1217 2710 1425 2765 praedicti,
1450 2725 1577 2767 quam

749 2770 783 2808 <2
809 2781 833 2807 B
861 2774 883 2809 3
