1807 2962
486 79 749 120 iioBERTus
775 85 841 118 DE
868 84 1204 117 GRAYSTANES.
1543 68 1607 116 63

18 199 45 263 [
84 205 229 240 serunt
262 196 408 238 Abbas
439 195 572 237 sancti
605 193 822 236 Edmundi
845 201 887 235 et
911 190 1137 233 Decanus*
1163 188 1475 232 Londoniensis
1498 189 1608 231 vices

85 271 179 297 suas
214 255 351 296 Priori
373 253 426 294 de
451 253 686 302 Bernewel,
712 251 1044 306 Archidyacono
1067 248 1377 304 Nortwycensi,
1402 263 1451 289 ac
1472 261 1611 287 carne-

85 314 196 355 rario
227 311 474 353 monasterii
496 311 628 352 sancti
662 309 915 360 Edmundi.]
978 307 1079 356 Qui,
1099 315 1251 347 vocato
1273 304 1611 360 Archiepiseopo

85 371 140 413 ad
171 369 389 411 ecclesiam
422 368 611 410 omnium
647 368 898 409 Sanctorum
924 363 1309 419 Northamptoniae,
1334 363 1402 404 die
1423 362 1613 403 secundo

79 427 264 485 juricido
286 427 481 482 proxime
502 435 601 467 ante
623 426 777 467 festum
796 424 840 467 S.
864 422 1038 472 Hilarii,
1058 436 1186 470 anno,
1205 430 1303 472 etc„
1320 433 1612 469 MceLxxxnI,

87 487 264 541 ipsoque
312 485 490 539 [ibidem
531 492 758 538 expectato
800 496 932 537 usque
978 480 1019 521 in
1066 478 1179 520 diem
1223 478 1384 520 veneris
1415 477 1614 533 proximo

87 553 307 599 sequente,
331 557 409 584 nec
440 556 517 597 per
547 556 591 581 se
622 555 702 582 nec
732 554 810 595 per
839 546 1157 594 procuratorem
1189 536 1466 578 sufficientem
1499 550 1615 577 com-

87 602 298 657 parente,]
333 615 460 641 causa
480 598 708 652 diligenter
729 596 970 639 examinata
990 605 1033 637 et
1052 608 1254 650 processu
1281 593 1389 649 juris
1412 595 1455 634 in
1478 592 1618 634 omni-

87 660 164 700 bus
196 658 434 707 observato,
466 655 718 698 auctoritate
753 653 1000 710 Apostolica
1029 652 1189 693 ibidem
1219 651 1440 707 praefatam
1462 652 1617 692 confir-

88 716 279 759 mabant.
335 714 526 764 Interim,
550 714 765 754 mediante
799 711 991 755 Antonio
1022 710 1076 751 de
1103 710 1210 761 Bek,
1234 717 1542 751 consenserunt
1572 710 1618 750 in

89 773 295 822 arbitros3
328 785 371 814 et
402 771 524 814 electi
555 780 655 812 sunt
684 784 739 812 ex
760 781 882 826 parte
906 766 1228 823 Archiepiscopi
1254 767 1314 808 H.
1337 767 1390 808 de
1416 766 1617 817 Newerk,

89 830 427 874 Archidiaconus
446 829 782 880 Richemundiae‚
799 837 841 869 et
857 828 1058 881 magister
1076 825 1245 880 Yvngo,
1263 824 1553 867 Cancellarius
1571 825 1615 868 S,

92 889 214 930 Pauli
248 888 502 938 Londoniae,
536 902 592 928 ex
622 896 743 941 parte
780 885 980 941 Episcopi
1014 883 1316 925 Dunelmensis
1337 882 1538 936 magister
1563 882 1618 923 R.

93 946 269 996 Avenel,
294 955 337 988 et
360 949 437 998 [ex
458 954 580 1000 parte
604 944 763 986 Prioris
785 943 1009 998 magister]
1034 941 1298 996 Reginaldus
1319 940 1373 982 de
1397 940 1617 990 Brandon,

91 1004 319 1046 canonicus
349 1003 483 1045 sanc-ti
520 1002 641 1044 Pauli
665 1001 919 1051 Londoniae,
943 1000 1240 1055 dederuntque
1271 998 1331 1040 eis
1361 1006 1620 1054 potestatem

92 1061 318 1102 ordinandi
349 1072 391 1102 et
424 1059 655 1113 [statuendi
686 1059 901 1115 perpetuis
929 1057 1189 1112 temporibus
1217 1056 1499 1105 observandi3
1521 1066 1564 1098 et
1583 1055 1618 1096 si

92 1120 160 1160 isti
182 1119 444 1161 concordare
465 1134 552 1159 non
574 1126 765 1173 possent,
789 1117 1017 1173 eligeretur
1033 1115 1218 1170 quintuS,
1241 1114 1522 1170 ordinataque
1542 1128 1621 1169 per

93 1192 164 1218 eos
195 1176 490 1232 promiserant,
526 1191 570 1216 se
602 1190 679 1230 per
709 1175 851 1216 sedem
886 1173 1163 1229 apostolicam
1185 1180 1486 1227 procuraturos
1517 1186 1619 1212 con-

94 1235 315 1284 firmanda,
351 1248 602 1276 consensum
625 1242 689 1274 est
707 1247 784 1288 per
809 1232 1001 1274 Priorem
1024 1238 1066 1272 et
1088 1230 1320 1286 capitulum
1342 1230 1419 1271 sub
1440 1229 1560 1277 data]
1585 1243 1618 1270 11

95 1307 196 1334 non.
217 1291 338 1334 Maii.

217 1596 314 1623 CAP.
338 1595 464 1622 xv111.
500 1595 557 1621 DE
581 1594 741 1621 MORTE
765 1593 935 1621 DOMINI
961 1594 1004 1623 R.
1031 1594 1089 1621 DE
1109 1594 1278 1622 INSULA
1296 1595 1351 1622 ET
1369 1596 1506 1624 ELEC-

216 1654 358 1681 TIONE
393 1652 564 1680 DOMINI
597 1651 791 1678 ANTONII
823 1652 880 1677 DE
904 1651 1013 1688 BER,
1041 1643 1118 1690 [ET
1141 1652 1506 1681 conmmomssus

787 1696 934 1744 EJUS.]

621 1802 720 1842 [MS.
738 1804 818 1846 Cap.
837 1812 911 1835 cm.
928 1802 986 1835 fol.
1006 1804 1096 1844 193]

161 1902 288 1942 Anno
306 1898 482 1941 Domini
499 1903 811 1939 M⁰ccnxxxnh
829 1898 1009 1953 septimo
1027 1897 1121 1939 idus
1138 1898 1270 1948 Junii,
1290 1898 1394 1940 obiit
1414 1899 1628 1943 Robertus

102 1959 156 1999 de
189 1957 333 1998 Insula
356 1956 657 1998 Dunelmensis
684 1956 931 2010 Episcopus,
955 1956 1069 2011 apud
1094 1955 1352 1997 Middilham
1375 1974 1387 2006 3
1412 1968 1454 1999 et
1475 1968 1628 2014 quarto

103 2016 195 2056 idus
220 2014 411 2069 ejusdem
433 2014 622 2068 sepultus
644 2024 709 2055 est
730 2015 774 2054 in
798 2013 1001 2068 Capitulo
1023 2014 1322 2064 Dunelmensi,
1345 2015 1537 2072 lapisque
1557 2017 1630 2058 de—

104 2081 247 2114 center
263 2080 432 2113 ornatus
447 2080 490 2112 et
504 2071 692 2126 sculptus
706 2071 744 2112 ei
759 2070 1022 2125 supponitur,
1038 2070 1292 2127 imaginibus
1307 2072 1626 2128 circumseptus

111 2131 210 2177 Quo
231 2129 411 2184 sepulto,
445 2128 627 2184 sigillum
668 2129 756 2182 ejus
788 2128 955 2183 publice
991 2143 1134 2169 coram
1156 2128 1350 2170 omnibus
1382 2145 1406 2171 a
1428 2131 1630 2185 magistro

111 2188 300 2228 Roberto
325 2187 487 2227 Avenel
509 2195 572 2227 est
589 2186 890 2236 confractum.†
944 2186 1109 2227 Eodem
1125 2201 1253 2237 anno,
1269 2187 1362 2242 [qui
1379 2196 1443 2229 est
1459 2189 1631 2243 pontifi-

105 2254 224 2286 catus
266 2243 427 2285 domini
472 2243 650 2284 Martini
696 2244 825 2298 Papae
866 2244 1005 2299 quarti
1047 2243 1217 2294 tercius,
1261 2253 1305 2285 et
1345 2245 1464 2299 regni
1499 2246 1630 2302 Regis

108 2301 308 2343 Edwardi
340 2300 622 2356 un‹leeimus‚]
659 2301 840 2355 septimo
875 2301 969 2341 idus
1000 2300 1118 2350 Julii,
1141 2301 1300 2342 electus
1330 2311 1393 2342 est
1416 2303 1630 2344 Antonius

111 2360 218 2408 Bek,
254 2368 356 2399 tunc
394 2358 696 2399 Dunelmensis
732 2358 1086 2408 Archidiaeonus,
1110 2358 1154 2398 in
1178 2359 1442 2413 Episcopum
1466 2359 1633 2401 Dunel-

106 2431 307 2464 mensem,
345 2429 422 2469 per
457 2415 566 2456 viam
589 2415 896 2470 compromissi,
935 2415 1070 2470 petita
1104 2414 1224 2469 prius
1259 2430 1285 2455 a
1311 2415 1487 2457 domino
1512 2417 1633 2472 Rege

107 2473 278 2514 lieentia
306 2480 349 2512 et
376 2472 563 2513 obtenta.
629 2472 891 2513 Electionem
921 2474 1039 2528 cujus
1062 2473 1148 2513 duo
1170 2471 1387 2527 praecipue
1407 2488 1632 2528 promove-

108 2532 225 2581 bant,
263 2527 425 2571 domini
466 2528 596 2583 Regis
634 2536 730 2584 [per
765 2529 985 2570 dominum
1020 2529 1061 2571 J.
1091 2529 1145 2570 de
1167 2530 1326 2583 Vescy]
1350 2531 1566 2583 instantia,
1590 2542 1633 2575 et

111 2690 123 2722 1
146 2647 174 2722 t*
202 2643 486 2721 {heffemainder
511 2643 550 2677 of
569 2644 627 2677 the
656 2643 735 2677 MS.
758 2644 837 2677 isin
861 2654 881 2676 a
902 2643 1074 2685 different,
1091 2644 1167 2684 and,
1184 2645 1397 2688 apparently,
1414 2657 1433 2679 a
1449 2648 1633 2682 somewhat

126 2701 143 2722 a
163 2701 199 2722 er
240 2701 280 2722 an
308 2713 315 2722 .

157 2737 183 2776 †
211 2737 428 2776 Arrssnmx,
451 2733 520 2767 No.
539 2743 625 2767 Lxx.
650 2743 754 2767 Lxxl.
780 2744 911 2767 Lxxiv.
1005 2734 1180 2768 DunHAM
1199 2734 1336 2776 Wms,
1353 2737 1420 2775 δια,
1437 2747 1468 2780 p.
1492 2739 1540 2770 12.
