1807 2962
480 125 758 158 APPEND1X.
797 124 918 156 ANN.
947 125 1232 158 MCCCLxm.
1445 113 1611 162 cxxxix

84 232 390 276 Dunelmensis
406 248 417 282 3
448 233 690 274 habendum
723 239 765 274 et
798 232 1029 274 tenendum
1057 233 1194 274 eidem
1220 234 1400 290 Hugoni
1422 253 1501 293 pro
1523 248 1614 283 tota

84 292 173 333 vita
202 307 302 341 sua;
334 305 411 346 pro
442 307 527 348 quo
558 292 697 332 officio
723 291 1016 346 supportando
1038 291 1149 333 infra
1169 293 1311 334 villam
1333 303 1375 336 et
1397 306 1529 348 extra,
1553 314 1617 341 se-

86 349 271 391 cundum
286 349 610 404 disposicionem
633 348 837 391 Celerarii
855 348 926 405 qui
939 364 1016 404 pro
1035 358 1224 405 tempore
1238 351 1260 391 f
1260 351 1379 404 uerit,
1390 355 1457 395 vel
1475 355 1615 398 locum

86 423 210 449 suum
241 408 473 462 ocupanfis,
506 406 715 463 percipiet
743 407 856 448 idem
892 407 1024 462 Hugo
1051 407 1105 449 de
1128 408 1318 451 Abathia
1343 421 1488 454 nostra
1508 428 1618 468 prae-

86 465 203 507 dicta
232 465 426 522 quolibet
457 465 527 506 die
559 479 688 506 unum
722 479 874 520 panem
906 465 1045 506 albam
1079 474 1122 508 et
1154 481 1281 508 unam
1307 468 1502 526 lagenam
1525 487 1618 514 cer-

85 523 202 565 visiae
224 533 266 566 et
290 538 421 565 unum
444 523 651 564 ferculum
674 523 728 564 de
750 523 944 579 coquina,
967 532 1096 578 prout
1117 532 1283 580 tempus
1306 528 1494 584 requirit,
1519 546 1616 572 cum

85 596 171 623 una
201 582 306 623 roba
336 581 553 623 annuatim
575 581 629 622 de
650 589 766 622 secta
785 580 1059 632 servientum,
1079 582 1276 638 quotiens
1301 585 1493 629 Priorem
1514 589 1620 630 libe-

84 640 300 681 racionem
322 639 461 681 facere
483 638 710 693 contigerit
730 638 983 693 generalem.
1048 640 1263 696 Percipiet
1283 643 1416 686 eciam
1439 647 1619 701 praedic-

86 707 153 739 tus
190 698 340 752 Hugo,
374 712 452 752 pro
484 706 677 752 tempore
709 697 921 739 duntaxat
951 712 1038 753 quo
1059 697 1102 738 in
1124 699 1263 741 officio
1285 704 1487 758 emptoris
1510 721 1618 761 prae-

86 756 201 798 dicto
219 755 529 805 ministraverit,
553 770 680 796 unam
705 770 887 797 marcam
906 756 1124 797 annuatim
1142 772 1220 812 per
1240 773 1388 801 manus
1414 762 1619 807 Celerarii

85 814 158 870 qui
190 829 269 870 pro
291 823 484 870 tempore
506 813 647 864 fuerit,
670 813 725 855 ad
747 813 853 855 festa
873 814 1005 855 sancti
1029 814 1207 857 Martini
1229 817 1271 857 in
1293 833 1419 873 yeme
1442 830 1484 863 et
1509 823 1623 864 Pen-

85 881 268 914 tecostes
300 887 375 927 per
405 871 574 928 equales
602 871 823 927 porciones
844 871 1029 914 fideliter
1049 874 1388 928 persolvendam.
1452 880 1498 922 Si
1519 896 1622 924 vero

86 930 226 972 dictus
264 930 396 985 Hugo
431 946 456 971 a
493 930 672 985 praefato
707 930 847 971 officio
881 945 924 972 se
966 930 1214 974 alienaverit
1249 934 1407 992 absque
1443 937 1621 983 licencia

87 988 247 1030 Prioris
280 989 347 1031 vel
375 987 593 1038 Celerarii,
617 987 689 1044 qui
710 1003 788 1043 pro
810 996 1004 1044 tempore
1026 989 1167 1041 suerit,
1190 991 1257 1033 vel
1279 991 1320 1033 in
1343 995 1493 1037 eodem
1516 997 1620 1040 deli-

85 1047 240 1103 querit,
275 1046 474 1088 emendas
505 1046 632 1087 faciet
667 1046 803 1088 Priori
833 1055 875 1088 et
899 1047 1142 1089 Conventui
1164 1064 1239 1104 per
1261 1050 1395 1093 visum
1418 1054 1620 1111 legalium

85 1105 307 1146 hominum
343 1104 398 1146 ad
434 1105 514 1145 hoc
541 1104 794 1159 juratorum.
862 1104 919 1146 Et
949 1104 997 1155 si,
1035 1107 1150 1162 quod
1182 1108 1306 1160 absit,
1337 1111 1452 1153 idem
1489 1113 1619 1170 Hugo

85 1172 261 1220 propter
306 1171 568 1205 senectutem
616 1162 683 1204 vel
723 1163 921 1204 morbum
961 1163 1210 1218 languidum
1252 1171 1620 1222 supervenientem

86 1222 227 1263 officio
248 1221 457 1277 praedicto
478 1220 658 1262 comode
681 1220 904 1262 intendere
926 1236 1011 1262 non
1033 1223 1206 1277 poterit,
1225 1235 1382 1269 extunc
1399 1230 1618 1286 percipiet,

86 1289 133 1322 ut
165 1279 450 1336 praemittitur,
474 1279 527 1320 de
564 1278 751 1320 Abathia
781 1289 925 1320 nostra
954 1280 1173 1334 praedicta,
1207 1296 1285 1337 pro
1307 1293 1399 1327 toto
1426 1295 1619 1343 tempore

85 1338 185 1380 vitae
209 1354 311 1388 suae,
330 1352 409 1393 pro
428 1337 617 1393 quolibet
635 1336 704 1378 die
722 1352 852 1378 unum
869 1352 1037 1392 panem,
1058 1353 1183 1379 unam
1201 1340 1396 1395 lagenam
1415 1347 1618 1399 cervisiae,

86 1407 128 1438 et
152 1412 281 1438 unum
300 1396 508 1437 ferculum
530 1395 583 1437 de
605 1394 801 1451 coquina,
825 1404 868 1436 et
883 1410 1009 1436 unam
1027 1397 1197 1447 robam3
1220 1399 1398 1454 praefata
1414 1405 1619 1458 pensione

84 1455 253 1510 penitus
284 1454 515 1497 subtracta.
582 1453 651 1494 Ad
683 1468 779 1508 quae
808 1453 961 1504 omnia,
985 1454 1027 1494 in
1048 1464 1253 1511 quantum
1276 1456 1318 1498 in
1340 1474 1392 1500 eo
1414 1470 1490 1513 est,
1514 1464 1624 1506 fide-

86 1514 185 1555 liter
216 1512 425 1563 facienda,
466 1512 604 1566 Hugo
636 1511 880 1567 praedictus,
916 1521 963 1553 ut
995 1521 1113 1567 patet
1143 1513 1242 1555 alibi
1274 1530 1351 1570 per
1381 1517 1520 1561 literas
1542 1537 1620 1565 suo

86 1572 225 1628 sigillo
244 1571 443 1625 signataS,
475 1570 695 1624 corporale
716 1569 906 1625 pluribus
928 1570 1170 1613 videntibus
1192 1574 1389 1627 praestitit
1403 1578 1621 1632 juramen-

87 1640 190 1672 tum.
254 1630 312 1670 Et
344 1644 420 1670 nos
451 1628 606 1683 prefati
630 1628 753 1669 Prior
774 1636 817 1670 et
842 1629 1091 1670 Conventus
1113 1629 1278 1685 singula
1299 1635 1507 1688 praedicta
1527 1653 1622 1693 per-

85 1689 215 1729 ficere
231 1687 275 1729 in
296 1695 502 1743 quantum
524 1701 610 1727 non
633 1689 736 1739 [ita]
757 1695 1019 1728 concernunt
1041 1702 1118 1729 nos
1136 1697 1179 1730 et
1201 1692 1506 1735 monasterium
1528 1711 1624 1738 nos-

88 1756 200 1788 trum
233 1754 275 1788 et
305 1759 567 1787 successores
599 1752 764 1786 nostros
786 1745 1039 1786 auctoritate
1060 1747 1342 1801 praesencium
1364 1751 1617 1808 obligamus.

91 1804 142 1845 In
183 1806 301 1860 cujus
341 1805 402 1845 rei
443 1802 732 1844 testimonium
778 1802 962 1858 sigillum
1003 1818 1229 1847 commune
1270 1807 1444 1862 capituli
1486 1813 1621 1854 nostri

89 1861 395 1904 Dunelmensis
435 1860 715 1917 praesentibus
751 1869 815 1902 est
851 1876 1098 1917 appensum.
1163 1862 1281 1906 Data
1315 1866 1536 1920 Dunelmi,
1579 1870 1622 1912 in

86 1921 217 1962 domo
252 1929 400 1961 nostra
439 1918 678 1975 capitulari,
722 1918 856 1960 tercio
892 1919 961 1961 die
995 1919 1147 1962 mensis
1190 1921 1467 1979 Septembris,
1505 1942 1620 1971 anno

89 1977 265 2021 Domini
285 1978 509 2020 millesimo
532 1976 830 2019 trecentesimo
850 1979 1117 2036 sexagesimo
1139 1979 1286 2025 tercio.

204 2223 346 2253 CXXII.
380 2223 693 2252 PROTESTACIO
732 2223 794 2250 NE
836 2221 1133 2252 ANTICIPACIO
1171 2225 1404 2255 TEMPORIS
1443 2229 1501 2256 DE

205 2280 450 2309 CITACIONE
475 2282 618 2309 FACTA
638 2280 889 2308 TRAHATUR.
913 2281 966 2309 IM
989 2283 1250 2311 EXEMPLUM
1268 2284 1317 2311 IN
1336 2285 1501 2313 VISITA-

204 2338 345 2365 CIONE
364 2339 572 2367 EPISCOPI
596 2337 938 2368 DUNELMENSIS'.

383 2415 498 2459 [Cart.
515 2417 590 2450 111.
609 2416 667 2449 fol.
683 2418 749 2448 308
765 2416 798 2449 b.
814 2420 851 2449 et
865 2416 960 2460 Orig.
977 2417 1010 2448 2.
1026 2418 1056 2454 7.
1075 2417 1202 2450 Pontif.
1221 2418 1258 2451 P.
1276 2419 1319 2463 1.]

151 2491 370 2535 Universis
404 2492 566 2534 Christi
586 2492 780 2534 fidelibus
801 2500 1031 2547 praesentes
1052 2492 1195 2536 literas
1216 2495 1477 2551 inspecturiS,
1497 2497 1619 2541 Tho-

86 2565 191 2601 mas,
221 2550 500 2606 permissione
531 2550 674 2592 divina
692 2550 996 2592 Dunolmensis
1017 2551 1254 2608 episcopus,
1278 2555 1500 2597 ecclesiam
1523 2571 1619 2598 nos·-

87 2617 196 2650 tram
232 2609 525 2650 cathedralem
563 2609 917 2659 Dunolmensem,
958 2608 1150 2651 Priorem
1187 2622 1230 2653 et
1269 2611 1529 2668 Capitulum,
1568 2630 1617 2656 ac

85 2681 304 2722 personas,
325 2682 403 2714 res,
428 2676 471 2709 et
489 2667 606 2708 bona
621 2681 900 2723 quaecumque
918 2666 1199 2711 ecclesiastica
1215 2670 1406 2724 ejusdem
1424 2672 1615 2714 ecclesiae

87 2733 246 2766 nostrae
280 2725 579 2766 Dunolmensis
610 2725 886 2781 personaliter
909 2724 1118 2776 visiturus‚
1143 2727 1321 2770 salutem
1343 2738 1387 2770 et
1408 2729 1616 2772 sinceram

86 2781 130 2823 in
163 2782 354 2826 Domino
384 2783 617 2826 caritatem.
682 2782 958 2826 Universitati
989 2793 1138 2827 vestrae
1171 2794 1317 2829 tenore
1339 2788 1619 2844 p1·aesenciun1
