1807 2962
210 99 292 130 ccx
532 94 667 132 ms'r'.
697 98 932 132 DUNELM.
962 98 1267 131 SCRIPTORES
1296 100 1434 132 TREs.

331 412 542 446 CLXXXIV.
582 414 818 442 MARTINUS
871 413 1116 442 EPISCOPUS
1169 414 1226 440 AD
1284 413 1624 442 AsssoLvENDUM

328 474 579 501 MONACIIOS
616 474 705 500 PRO
748 472 979 501 VIOLENTA
1015 471 1219 499 MANUUM
1255 472 1534 500 INJECTIONE
1568 472 1624 499 ET

327 530 445 559 ALIIS
468 531 711 558 ARTICULIS
734 530 876 557 UNICA
898 530 1016 559 VICE„

768 623 880 665 [Cart.
900 623 976 655 111.
993 622 1016 654 f.
1038 624 1110 655 191.
1127 623 1173 666 b]

271 715 485 761 Martinus
508 719 760 773 EpiscopuS,
778 733 925 759 servus
948 732 1165 759 servorum
1190 717 1288 768 Dei,
1313 717 1468 759 dilecto
1490 715 1579 758 filio
1603 716 1741 758 Priori

209 777 397 819 ecclesiae
442 776 753 826 DunelmensiS,
796 775 956 817 ordinis
997 776 1132 815 sancti
1174 775 1414 825 Benedicti,
1458 775 1649 825 salutem,
1694 784 1739 816 et

209 835 486 889 apostolicam
518 833 881 877 benediccionem.
946 832 1153 873 Exhibita
1182 833 1302 873 nobis
1334 841 1407 873 tua
1448 832 1601 886 peticio
1637 847 1740 873 con-

209 893 382 942 tinebat,
407 891 522 948 quod
544 891 737 932 nonnulli
750 890 938 932 ecclesiae
954 890 1253 932 Dunelmensis
1268 890 1462 930 monachi
1479 899 1520 930 et
1534 904 1690 931 conver
1693 889 1740 940 si,

208 965 388 1007 quorum
402 964 503 990 cura
524 948 600 989 tibi
622 948 825 998 imminet,
850 963 925 1002 pro
944 948 1127 988 violenta
1148 947 1374 1001 injectione
1388 961 1587 988 manuum
1610 947 1654 987 in
1675 962 1742 988 se-

208 1023 334 1062 111505,
359 1015 402 1049 et
424 1007 596 1062 quidam
617 1021 695 1060 pio
718 1006 968 1047 detencione
990 1005 1163 1059 pioprii,
1187 1004 1257 1044 alii
1278 1004 1405 1045 etiam
1427 1020 1520 1069 pio
1528 1005 1740 1059 denegata

207 1065 285 1106 tibi
308 1075 349 1106 et
370 1064 734 1129 predecessoribus
749 1063 830 1104 tuis
847 1062 1109 1112 obediencia,
1129 1077 1199 1102 seu
1218 1062 1543 1116 conspiracionis
1561 1063 1738 1113 offensa,

207 1125 249 1163 in
273 1121 727 1164 excommunicacionis
744 1121 942 1176 laqueum
955 1119 1215 1160 inciderunt
1206 1135 1415 1175 quorum
1431 1120 1738 1161 monachorum

207 1181 378 1235 quidam
394 1179 536 1220 divina
550 1179 691 1219 celebi
694 1187 819 1219 arunt
836 1177 974 1218 officia
989 1187 1029 1218 et
1045 1162 1298 1232 leceperunt
1316 1177 1485 1218 mdines
1509 1179 1567 1218 sic
1588 1178 1736 1232 ligati·
1725 1209 1738 1226 ,

205 1252 336 1293 quare
367 1252 491 1291 super
521 1236 601 1276 hiis
633 1250 780 1277 eorum
810 1234 1024 1290 provideii
1051 1235 1174 1276 saluti
1197 1251 1221 1276 a
1241 1236 1364 1276 nobis
1396 1235 1612 1276 humilitei
1643 1250 1741 1290 pos-

206 1294 365 1338 tulasti.
430 1294 500 1334 De
537 1303 610 1334 tua
649 1293 792 1349 itaque
828 1292 1210 1347 circumspeccione
1250 1293 1419 1347 plenam
1460 1294 1503 1333 in
1544 1293 1737 1334 Domino

205 1352 406 1394 fiduciam
428 1351 685 1406 optinentes,
710 1350 962 1392 discrecioni
981 1361 1065 1391 tuae
1080 1351 1336 1405 presentium
1359 1350 1613 1391 auctoritate
1635 1366 1738 1391 con-

205 1411 408 1459 cedimus,
454 1417 498 1450 ut
540 1409 711 1450 eosdem
754 1408 1144 1450 excommunicatos
1185 1408 1389 1458 absolvas,
1424 1408 1504 1449 hac
1541 1408 1643 1458 vice,
1683 1408 1737 1449 ab

205 1467 450 1523 hujusmodi
481 1466 977 1507 excommunicacionum
1004 1465 1239 1515 sententiis,
1255 1467 1381 1520 juxta
1403 1466 1581 1506 formam
1604 1466 1739 1507 eccle-

205 1541 292 1576 siae,
330 1525 420 1566 vice
454 1533 624 1572 nostra3
657 1534 700 1565 et
732 1524 928 1580 injungas
959 1523 1018 1564 eis
1042 1523 1156 1579 quod
1179 1523 1344 1578 dejuie
1366 1523 1524 1564 fuerit
1514 1524 1738 1589 1111011861]-

205 1584 321 1626 (111111.
387 1582 566 1624 Proviso
589 1590 636 1622 ut
667 1596 866 1622 manuum
899 1581 1137 1635 injectores,
1172 1595 1352 1636 quorum
1385 1581 1513 1622 fuerit
1534 1582 1672 1635 gravis
1694 1589 1739 1622 et

205 1640 386 1681 enormis
419 1654 631 1689 excessus,
668 1639 810 1680 mittas
843 1639 899 1680 ad
937 1638 1092 1680 Sedem
1130 1639 1408 1694 apostolicam
1440 1639 1731 1681 absolvendas.

209 1699 316 1740 Cum
341 1698 422 1739 illis
442 1706 585 1739 autem
627 1710 683 1737 ex
704 1696 865 1738 eisdem
887 1696 1118 1746 monachis,
1142 1697 1214 1751 qui
1235 1696 1333 1737 facti
1366 1696 1646 1746 immemores,
1671 1696 1737 1737 vel

199 1756 306 1810 juris
347 1755 496 1809 ignari,
540 1754 822 1795 absolucionis
872 1753 1079 1795 beneficio
1130 1769 1215 1794 non
1262 1755 1440 1795 obtento
1481 1761 1735 1808 receperunt

207 1813 389 1862 ordines,
414 1821 455 1853 et
477 1813 618 1853 divina
639 1811 776 1853 officia
796 1812 1076 1861 celebrarunt,
1100 1811 1287 1865 injuncta
1318 1811 1376 1852 eis
1398 1826 1475 1866 pro
1498 1813 1625 1852 modo
1648 1811 1737 1852 cul-

206 1885 273 1924 pae
295 1869 552 1925 poenitencia
584 1870 858 1923 competenti,
893 1878 1028 1924 eaque
1050 1878 1232 1922 peracta,
1255 1869 1381 1910 liceat
1403 1869 1480 1909 tibi
1501 1869 1554 1910 de
1575 1868 1737 1909 miseri-

207 1927 367 1977 cordia,
392 1941 487 1982 qnae
510 1926 801 1980 superexaltat
827 1925 1004 1981 jndicio,
1039 1934 1165 1979 prout
1193 1941 1340 1966 eorum
1373 1925 1496 1966 saluti
1531 1926 1734 1980 expedire

206 1984 375 2033 videris,
410 1983 668 2037 dispensare.
735 1983 780 2025 Si
813 1997 914 2022 vero
947 1982 1113 2036 praefati
1146 1982 1341 2023 monachi
1365 1983 1733 2033 excommunicati,

206 2041 402 2090 scienter,
434 2055 518 2081 non
554 2048 694 2080 tamen
728 2039 770 2079 in
792 2048 1085 2093 contemptum
1110 2039 1305 2080 Clavium
1337 2040 1437 2080 talia
1453 2055 1734 2095 praesumpse-

206 2107 320 2148 runt,
344 2098 403 2140 eis
425 2112 500 2152 per
532 2096 749 2138 biennium
782 2097 835 2138 ab
869 2097 1103 2138 colundem
1137 2097 1335 2138 melinum
1368 2097 1621 2138 executione
1643 2113 1733 2138 sus-

207 2156 360 2212 pensiS,
402 2154 601 2210 imposita
622 2154 719 2209 ipsis
751 2153 1008 2208 poenitencia
1041 2154 1225 2204 salutali,
1265 2171 1337 2196 eos
1370 2155 1657 2210 postmodum,
1701 2155 1735 2196 si

205 2213 363 2255 fuerint
382 2213 507 2254 bonae
541 2211 876 2253 conversacionis
912 2220 954 2253 et
988 2211 1102 2262 vitae,
1127 2212 1180 2252 ad
1200 2212 1378 2266 gratiam
1401 2212 1734 2267 dispensacionis

206 2271 435 2319 admittas3
454 2269 667 2324 proprium
683 2277 840 2319 autem,
864 2269 896 2309 si
918 2269 1032 2325 quod
1055 2269 1213 2310 habent
1231 2270 1332 2310 dicti
1353 2270 1546 2311 monachi
1568 2279 1611 2311 et
1632 2285 1735 2311 con-

207 2329 328 2379 versi,
366 2327 494 2369 facias
525 2328 569 2366 in
599 2330 681 2367 tuis
722 2326 914 2368 manibus
947 2327 1151 2381 resignari
1187 2329 1229 2367 in
1266 2327 1493 2368 utilitatem
1514 2327 1731 2382 praedictae

208 2387 397 2428 ecclesiae
433 2384 786 2426 convertendum.
845 2384 965 2426 Data
995 2384 1110 2438 apud
1150 2385 1312 2427 Urbem
1349 2385 1567 2437 Veterem,
1610 2384 1734 2426 1101115

209 2445 235 2487 J
241 2443 323 2495 ulii,
346 2441 620 2499 pontificatus
642 2441 772 2485 nostri
795 2455 905 2485 anno
926 2441 1077 2498 primo.
