1807 2962
240 85 364 132 clviii
544 97 680 129 HIST.
703 97 942 128 DUNELM,
972 94 1277 127 SCRIPTORES
1304 94 1442 125 TRES.

239 204 522 247 Dunelmensi
544 210 668 244 extra
688 211 853 268 portam
880 201 1106 242 Abbathiae
1139 200 1180 240 in
1212 200 1436 241 esculentis
1458 208 1502 242 et
1521 199 1762 254 poculentis

238 272 282 304 et
322 262 412 303 aliis
447 263 547 303 vitae
588 261 844 308 necessariis,
887 274 964 313 pro
1004 258 1177 299 residuo
1217 259 1314 298 vitae
1356 273 1456 307 suae,
1500 257 1617 297 sicud
1653 273 1761 298 unus

237 320 415 361 fratrum
445 319 514 359 vel
545 331 735 358 sororum
767 317 958 371 ejusdem
979 330 1059 370 pro
1081 323 1273 369 tempore
1293 315 1763 369 percipiet3p1aedicta

236 378 505 425 liberacione,
539 375 680 438 quoad
717 373 858 414 omnia
889 373 1145 427 supradicta,
1179 382 1278 426 post
1307 372 1504 426 adeptam
1537 372 1763 426 possessio-

236 449 336 475 nem
368 431 691 475 sustentacionis
727 431 768 471 in
807 430 1045 471 InfirmarIa
1083 439 1228 470 nostia.
1257 429 1460 484 praedicta
1495 439 1682 470 cessante
1717 438 1762 471 et

236 492 404 547 penitus
432 490 511 531 sibi
543 490 772 532 subn-‚aeta
837 488 889 528 In
911 488 1029 542 cujus
1049 487 1109 528 rei
1131 487 1420 529 testimonium
1442 486 1626 541 sigillum
1647 501 1764 527 com-

238 563 366 590 mune
384 547 557 602 capituli
578 545 707 587 nostri
725 545 1002 600 praesentibus
1017 554 1081 585 est
1094 558 1343 610 appensum.
1407 544 1522 585 Data
1544 544 1760 593 Dunelmi,

238 608 283 646 in
319 606 449 647 domo
482 614 626 645 nostra
661 602 896 658 capitulari,
919 616 1007 643 xxv
1030 602 1099 643 die
1140 602 1298 642 mensis
1331 601 1607 657 Septembris,
1648 616 1766 643 anno

241 663 418 705 Domini
439 661 666 703 millesimo
686 667 812 702 666ῐῖηο
833 659 1094 717 octogesimo
1110 659 1306 714 septimo.

357 907 459 936 CXL.
510 903 852 936 ACQUIETANCIA
907 904 998 931 PRO
1056 903 1350 931 RECEPCIONE
1404 901 1649 930 CUJUSDAM

355 963 577 991 YMAGINIS
607 961 864 988 ARGENTEAE
891 961 1034 988 FACTA
1056 961 1144 987 PER
1168 961 1205 988 J.
1228 959 1446 988 FORDAME
1471 959 1651 987 EPISCO-

356 1022 454 1050 PUM
477 1019 639 1048 PRIORI
663 1019 719 1045 ET
742 1018 948 1046 JOHANNI
972 1018 1030 1045 DE
1053 1017 1248 1047 NEVYLL.

798 1096 886 1137 [Ex.
902 1095 998 1139 Orig.
1015 1097 1046 1126 3.
1062 1094 1209 1135 Pontis]

297 1175 509 1217 Noveiint
544 1174 728 1215 universi
760 1188 837 1228 per
868 1182 1102 1237 piaesentes
1135 1187 1211 1213 nos
1245 1171 1484 1213 Johannem
1519 1172 1603 1213 Dei
1624 1173 1767 1227 gracia

230 1235 494 1288 Episcopum
529 1230 865 1273 Dunelmensem
895 1230 1104 1284 recepisse
1135 1230 1190 1270 de
1220 1229 1425 1284 religiosis
1455 1230 1551 1270 viris
1574 1231 1765 1285 dompno

241 1291 435 1331 Roberto
460 1290 607 1330 Ρ11016
629 1289 819 1330 ecclesiae
844 1288 1147 1329 Dunolmensis
1163 1287 1359 1329 Johanne
1381 1288 1435 1329 de
1454 1288 1705 1344 Belyngton
1724 1297 1767 1329 et

238 1348 410 1389 Thoma
451 1347 622 1402 Dautry
656 1344 873 1385 monachis
913 1344 1105 1398 ejusdem
1146 1345 1349 1394 ecclesiae,
1374 1345 1442 1385 die
1482 1345 1764 1386 confectionis

236 1404 527 1460 praesentium,
551 1402 764 1458 quandam
800 1402 1042 1457 ymaginem
1075 1402 1213 1443 beatae
1253 1402 1406 1443 Ma1iae
1441 1412 1685 1458 algenteam
1723 1413 1768 1443 et
1798 1440 1799 1450 ,

235 1463 483 1503 deauratam
514 1460 637 1501 nobis
670 1460 956 1514 pertinentem
989 1469 1032 1499 et
1066 1459 1107 1499 in
1140 1459 1333 1500 custodia
1364 1459 1573 1500 dictornm
1606 1460 1765 1501 Primis
1792 1466 1802 1522 ψ

233 1519 440 1561 Johannis
458 1526 502 1559 et
525 1518 738 1558 Thornae
729 1532 771 1557 111
793 1517 973 1572 quadam
995 1516 1127 1557 coffia
1148 1517 1417 1560 existentem,
1439 1518 1608 1558 racione
1629 1519 1744 1572 cuju„
1716 1532 1769 1556 .s-
1794 1553 1799 1567 A

235 1577 335 1618 dam
355 1590 530 1616 summae
547 1575 741 1631 pecuniae
762 1589 838 1629 per
858 1589 935 1615 nos
957 1574 1116 1615 debitae
1139 1573 1331 1614 Domino
1352 1574 1405 1614 de
1426 1573 1583 1623 Nevill,
1603 1574 1656 1615 de
1674 1575 1767 1629 qui-

236 1635 315 1675 bus
346 1633 519 1689 quidem
549 1633 747 1688 ymagine
779 1641 823 1673 et
855 1631 977 1672 coffia
1005 1631 1218 1686 praedictis
1241 1641 1326 1672 tam
1349 1631 1509 1672 dictum
1532 1632 1766 1673 Dominum

238 1692 293 1733 de
325 1691 466 1732 Nevill
488 1705 614 1746 quam
636 1690 747 1743 ipsos
774 1690 966 1730 Priorem
989 1689 1229 1730 Johannem
1252 1698 1293 1730 et
1318 1689 1528 1729 Thomam
1552 1689 1766 1745 acquieta-

234 1763 328 1790 mus
350 1758 392 1789 et
413 1762 691 1789 exoneramus
714 1762 789 1801 per
805 1756 1036 1802 praesentes
1053 1747 1193 1800 sigillo
1208 1754 1354 1787 nostro
1369 1746 1583 1800 sigillatas.
1636 1747 1765 1787 Datae

235 1805 279 1846 in
311 1805 500 1846 manerio
532 1815 677 1845 nostro
713 1805 767 1845 de
806 1804 1022 1852 Aukland,
1057 1817 1164 1843 XXVI
1200 1803 1269 1844 die
1292 1803 1465 1857 Aprilis,
1495 1818 1608 1845 anno
1643 1803 1765 1858 regni

242 1862 372 1917 Regis
397 1862 570 1903 Ricardi
591 1861 766 1903 secundi
786 1870 881 1915 post
902 1870 1184 1916 conquestum
1206 1861 1447 1901 undecimo.

465 1992 573 2033 Seal.
634 1994 705 2035 See
729 1993 952 2034 Sun'rnns,
977 1993 1135 2041 SEALs,
1159 1992 1280 2033 Plate
1307 1991 1369 2039 V.³
1394 1990 1473 2032 No.
1498 1995 1538 2034 4.

356 2214 474 2243 CXLI.
509 2212 753 2240 LIBERACIO
774 2213 947 2240 TnoMAE
971 2214 1028 2240 DE
1053 2213 1360 2241 BICHEBORNE
1386 2231 1435 2241 ...
1461 2215 1646 2244 OFFICIO

460 2270 677 2298 CUSTODIS
699 2270 757 2296 DE
782 2258 819 2297 L'
844 2271 995 2298 NAPRY
1018 2271 1066 2298 IN
1089 2271 1211 2298 AULA
1232 2271 1547 2300 DUNELMENSI.

840 2348 944 2392 [Reg.
961 2346 1005 2380 ll.
1022 2347 1045 2380 f.
1063 2348 1161 2389 215]

296 2426 410 2469 Univ
415 2427 515 2467 ersis
550 2424 707 2468 Christi
739 2424 936 2466 fidelibus
963 2432 1198 2479 praesentes
1219 2425 1361 2467 literas
1383 2427 1647 2481 inspecturis,
1674 2426 1762 2468 Ro-

237 2486 380 2526 beltus
416 2484 538 2525 Prior
570 2484 759 2524 ecclesiae
795 2483 1098 2524 Dunelmensis
1135 2492 1178 2524 et
1199 2484 1389 2540 ejusdem
1412 2485 1494 2524 loci
1517 2486 1761 2525 Conventus

239 2541 453 2582 salutem
445 2557 486 2581 111
515 2541 701 2581 Domino
724 2542 1038 2594 sempite11.1am
1104 2540 1322 2582 Noveritis
1343 2556 1418 2582 nos
1441 2541 1695 2582 concessisse
1718 2551 1761 2582 et

237 2598 435 2652 piaesenti
465 2598 619 2652 scripto
640 2607 786 2638 nostro
807 2599 1078 2638 confirmasse
1101 2598 1284 2639 Thomae
1306 2599 1359 2639 de
1383 2599 1648 2640 Bicheborne
1670 2599 1760 2638 offi-

238 2655 346 2695 cium
365 2655 570 2696 custodiae
592 2655 645 2695 de
664 2655 688 2694 l'
712 2669 844 2710 napry
863 2655 904 2696 111
927 2656 1023 2696 aula
1043 2655 1307 2697 Hostillariae
1324 2666 1479 2696 nostrae
1499 2656 1761 2697 Dunelmen-

238 2712 305 2763 515,
330 2713 383 2753 ·ι(1
407 2712 630 2753 terminum
655 2712 752 2753 vitae
776 2727 890 2753 suae·
881 2743 891 2761 ‚
924 2712 989 2754 cui
1013 2727 1090 2767 pro
1112 2713 1315 2769 obsequio
1337 2729 1414 2755 suo
1435 2713 1478 2754 in
1500 2713 1649 2755 eodem
1671 2712 1759 2753 offi-
