1807 2962
440 54 716 93 ΑΡΡΕΝΒΙΧ.
747 59 865 90 ANN.
893 59 1176 91 mccchVI.
1328 43 1598 94 ccccxxxiii

66 157 223 206 devota
262 163 451 205 filialium
493 180 667 207 munera
697 166 942 220 gratiarum,
976 165 1139 206 felicem
1172 165 1496 219 expedicionem
1520 169 1596 210 do-

65 223 168 263 mini
190 222 324 262 nostri
351 222 476 277 Regis
502 223 671 287 Angliae
702 233 745 264 et
786 224 975 264 Franciae
1013 222 1280 263 illusuissimi
1314 224 1590 276 continentes,

65 279 332 320 audiencium
355 281 487 321 cotda
520 280 724 322 immensa
745 295 792 335 pl
795 279 1024 321 ofudeiunt
1045 280 1225 321 laeticia·
1215 311 1226 328 ,
1259 289 1320 321 set
1342 295 1394 321 eo
1417 281 1594 323 immen-

62 336 161 377 simi
197 352 283 392 quo
318 352 389 378 vos
426 346 469 378 et
502 348 675 387 vestros,
712 337 959 379 benedictus
996 337 1262 378 Altissimus!
1296 338 1471 392 sospites
1502 340 1593 382 fule

63 405 105 435 et
125 394 355 435 lncolumes
377 396 648 445 asserebant3
682 395 818 449 ipsum
854 404 1054 449 rogantes
1091 394 1372 444 devotissime,
1408 396 1449 435 in
1472 398 1589 451 cujus

65 466 193 492 manu
215 452 343 493 conda
367 461 464 493 sunt
489 453 673 517 Regum,
699 462 744 493 ut
767 468 829 502 ea,
853 465 950 508 quae
970 462 1091 505 gluto
1113 452 1311 492 inchoata
1346 462 1443 494 sunt
1480 455 1595 508 prin-

63 508 186 563 cipio,
219 510 412 563 graciora
440 510 650 564 suscipere
680 509 805 551 faci-at
841 510 1114 552 incr.e1neuta
1180 509 1398 550 Caeterum
1440 522 1591 552 vestlae

63 567 332 616 reveienciae,
365 566 398 606 si
432 567 608 621 placeat,
647 567 897 616 innotescat,
935 567 1051 622 quod
1084 566 1157 606 filii
1194 567 1321 607 vestii
1357 569 1589 621 peculiaies

62 624 186 678 plena
208 624 349 680 vigent
371 639 598 678 corporum
620 625 833 678 sospitate,
858 639 905 664 ac
928 639 1022 664 cum
1043 625 1206 665 caeteris
1237 625 1384 664 vestris
1422 626 1586 668 devotis

62 681 240 722 subditis
272 681 410 722 adhuc
442 681 482 721 in
524 682 638 736 pacis
670 681 958 736 pulcritudine
999 681 1317 737 conquiescunt,
1365 684 1481 738 quod
1517 685 1589 726 ille

61 740 310 780 continuare
328 739 527 795 dignetur
543 739 613 794 qui
630 749 692 780 est
710 739 1078 780 desidera-tissimae
1095 740 1206 793 pacis
1229 748 1367 780 autor.
1432 742 1583 792 Porro,

60 805 184 851 pater
213 797 459 846 reverende,
500 797 604 837 scire
627 797 874 850 dignemini,
905 796 1019 852 quod
1043 796 1153 837 circa
1173 796 1324 837 festum
1349 799 1483 839 sancti
1509 800 1588 840 Pe-

63 854 114 895 tri
136 855 191 895 ad
213 854 393 902 vincula,
423 854 557 895 Scotti
598 869 624 895 a
664 854 818 895 finibus
855 856 937 894 suis
983 854 1153 908 egressi,
1196 864 1336 908 partes
1365 855 1592 896 Westmer-

61 911 217 953 landiae
253 911 463 952 hostiliter
498 912 766 960 invaserunt;
805 911 915 966 ipsas
952 921 994 952 et
1028 927 1175 953 eorum
1208 913 1367 954 incolas
1389 913 1589 955 feralibus

60 969 213 1025 gladiis
235 978 277 1010 et
299 968 501 1010 incendiis
523 982 598 1023 per
618 983 679 1010 xx
700 968 879 1021 miliaria
900 980 941 1010 et
964 969 1140 1033 amplius
1164 971 1205 1009 in
1242 970 1522 1024 longitudine,
1547 982 1590 1012 et

62 1027 243 1067 totidem
281 1027 322 1066 in
358 1027 598 1077 latitudine,
634 1027 925 1075 devastarunt3
964 1027 1181 1083 utriusque
1218 1042 1344 1068 sexus
1381 1028 1587 1079 homines,

61 1099 166 1140 quos
202 1084 524 1148 apprehendere
564 1092 772 1138 poterant,
811 1085 877 1125 vel
919 1084 1185 1125 trucidatum
1235 1086 1477 1136 crudeliter,
1523 1088 1590 1127 vel

61 1141 190 1182 etiam
213 1141 505 1196 captivarunt·
496 1172 506 1190 ,
539 1142 751 1182 nonnullis
774 1143 890 1192 locis,
914 1157 988 1196 pel
1009 1158 1105 1198 quae
1127 1142 1319 1183 fecerunt
1349 1144 1587 1194 transitum,

60 1199 189 1240 nichil
226 1199 393 1254 penitus
435 1199 760 1249 incombustum,
814 1200 927 1255 quod
970 1209 1060 1241 erat
1109 1201 1419 1251 combustibile,
1461 1202 1590 1242 iclin-

59 1266 234 1313 quentes
250 1272 261 1305 3
279 1265 335 1306 et,
354 1258 462 1297 sicut
477 1257 628 1311 passim
650 1257 703 1298 ab
718 1257 1043 1298 intinerantibus
1061 1257 1317 1312 praedicatur
1339 1269 1381 1299 et
1402 1258 1585 1309 ducitur,

60 1314 176 1369 quod
199 1323 342 1355 tamen
363 1323 528 1355 avertat
554 1314 803 1364 Altissimus,
828 1315 956 1355 iidem
982 1315 1132 1364 Scotti,
1171 1315 1321 1356 imbuti
1344 1316 1436 1356 fece
1460 1316 1586 1358 tiran-

60 1371 182 1421 nidis,
217 1372 404 1413 collectis
434 1371 641 1413 fiuctibus
679 1373 874 1413 instantis
911 1373 1146 1427 autumpni,
1173 1383 1302 1414 terias
1330 1374 1510 1428 Angliae,
1544 1384 1588 1415 et

59 1430 277 1484 praeeipue
315 1429 616 1484 Episcopatum
655 1429 1006 1480 Dunolmensem,
1041 1430 1233 1471 conflatis
1271 1431 1426 1472 viribus
1461 1446 1590 1473 mann

59 1487 286 1528 ioitissima
306 1487 539 1541 disponunt
572 1487 771 1528 invadere
805 1487 1180 1543 circumquaque,*
1214 1503 1433 1552 quousque
1454 1489 1588 1530 habu-

58 1544 488 1594 erintresistenciam,
526 1544 620 1585 loca
652 1560 725 1599 per
756 1559 852 1601 quae
892 1544 1049 1586 fuerint
1071 1545 1285 1586 transituli
1319 1546 1513 1599 ledigere
1548 1549 1590 1587 in

57 1602 242 1643 cinerem
262 1611 306 1643 et
327 1602 513 1643 favillam
531 1617 541 1650 3
584 1602 638 1643 ad
660 1602 753 1652 hoc,
777 1604 884 1643 sicut
906 1602 1025 1644 multi
1047 1603 1288 1667 conjiciunt,
1325 1618 1400 1658 per
1426 1604 1589 1658 Philip-

56 1675 158 1714 pum
181 1660 235 1700 de
264 1660 444 1714 WaloyS,
469 1659 680 1700 dicentem
704 1675 747 1701 se
769 1675 914 1714 legem
941 1660 1144 1709 Franciae,
1184 1660 1359 1701 animati
1382 1661 1586 1715 multipli-

57 1717 162 1757 citer
203 1725 243 1757 et
278 1716 455 1758 inducti.
523 1717 611 1766 Set,
655 1716 821 1758 fauente
864 1717 1095 1767 Altissiino,
1134 1733 1230 1774 quae
1271 1733 1357 1759 uon
1394 1728 1587 1773 speiatur

56 1774 234 1815 remedii
267 1773 540 1828 superveniet
573 1774 678 1815 hora
710 1784 845 1829 grata,
878 1776 977 1830 quia
1013 1784 1086 1815 aut
1138 1790 1215 1830 per
1250 1783 1472 1825 nostrates,
1513 1778 1586 1832 qui

55 1840 206 1887 parant
226 1831 280 1872 ad
300 1831 590 1885 lepellendum
631 1832 818 1881 eosdem,
862 1840 934 1872 aut
975 1832 1145 1874 aliunde
1183 1833 1236 1874 de
1277 1833 1551 1882 montibusy
1543 1849 1586 1875 ln

55 1904 160 1944 quos
183 1888 338 1929 cotidie
361 1889 551 1929 levamus
573 1889 732 1938 oculos,
757 1889 960 1929 auxilium
985 1889 1138 1941 veniet,
1174 1905 1260 1946 quo
1282 1906 1307 1930 a
1328 1890 1412 1931 suis
1433 1890 1586 1945 iniquis

51 1954 95 1988 et
116 1947 322 2001 perversis
343 1945 728 1988 machinacionibus
749 1950 1042 2002 reprimentur.

102 2065 119 2082 ⁸
145 2062 232 2094 This
249 2061 363 2095 threat
387 2072 453 2094 was
483 2067 546 2105 put
578 2063 652 2095 into
678 2062 871 2101 execution,
894 2062 961 2095 and
986 2063 1046 2096 the
1070 2062 1203 2103 victory
1227 2066 1263 2095 at
1287 2062 1454 2096 Neville’s
1483 2063 1589 2097 Cross-

53 2117 120 2140 was
137 2107 196 2140 the
220 2117 459 2149 consequence.
