<?xml version="1.0" encoding="UTF-8"?>
<!DOCTYPE html PUBLIC "-//W3C//DTD XHTML 1.0 Transitional//EN"
    "http://www.w3.org/TR/xhtml1/DTD/xhtml1-transitional.dtd">
<html xmlns="http://www.w3.org/1999/xhtml" xml:lang="en" lang="en">
 <head>
  <title>
</title>
<meta http-equiv="Content-Type" content="text/html;charset=utf-8" />
  <meta name='ocr-system' content='tesseract 3.04.00' />
  <meta name='ocr-capabilities' content='ocr_page ocr_carea ocr_par ocr_line ocrx_word'/>
</head>
<body>
  <div class='ocr_page' id='page_1' title='image "./historiaedunelme00gauf_0129.png"; bbox 0 0 1807 2962; ppageno 0'>
   <div class='ocr_carea' id='block_1_1' title="bbox 465 103 1591 153">
    <p class='ocr_par' dir='ltr' id='par_1_1' title="bbox 465 103 1591 153">
     <span class='ocr_line' id='line_1_1' title="bbox 465 103 1591 153; baseline -0.002 -6"><span class='ocrx_word' id='word_1_1' title='bbox 465 116 730 148; x_wconf 72' lang='lat' dir='ltr'>non-Eurus</span> <span class='ocrx_word' id='word_1_2' title='bbox 758 115 824 145; x_wconf 82' lang='lat' dir='ltr'>DE</span> <span class='ocrx_word' id='word_1_3' title='bbox 852 113 1195 146; x_wconf 58' lang='lat' dir='ltr'>GRArsTANEs.</span> <span class='ocrx_word' id='word_1_4' title='bbox 1527 103 1591 153; x_wconf 78' lang='lat'>&#39;75</span> 
     </span>
    </p>
   </div>
   <div class='ocr_carea' id='block_1_2' title="bbox 176 443 1480 533">
    <p class='ocr_par' dir='ltr' id='par_1_2' title="bbox 176 443 1480 533">
     <span class='ocr_line' id='line_1_2' title="bbox 176 443 1480 478; baseline -0.003 -3"><span class='ocrx_word' id='word_1_5' title='bbox 176 447 284 477; x_wconf 15' lang='lat' dir='ltr'>VCAP.</span> <span class='ocrx_word' id='word_1_6' title='bbox 319 447 449 474; x_wconf 81' lang='lat' dir='ltr'>XXIII.</span> <span class='ocrx_word' id='word_1_7' title='bbox 514 447 570 474; x_wconf 86' lang='lat' dir='ltr'>DE</span> <span class='ocrx_word' id='word_1_8' title='bbox 610 445 906 473; x_wconf 80' lang='lat' dir='ltr'>DISSENSIONE</span> <span class='ocrx_word' id='word_1_9' title='bbox 945 444 1086 471; x_wconf 88' lang='lat' dir='ltr'>INTER</span> <span class='ocrx_word' id='word_1_10' title='bbox 1127 443 1385 472; x_wconf 86' lang='lat' dir='ltr'>EPISCOPUM</span> <span class='ocrx_word' id='word_1_11' title='bbox 1425 444 1480 478; x_wconf 76' lang='grc' dir='ltr'>ΕΤ</span> 
     </span>
     <span class='ocr_line' id='line_1_3' title="bbox 519 502 1136 533; baseline -0.006 0"><span class='ocrx_word' id='word_1_12' title='bbox 519 504 729 533; x_wconf 83' lang='lat' dir='ltr'><strong>PRIOREM</strong></span> <span class='ocrx_word' id='word_1_13' title='bbox 764 503 820 530; x_wconf 89' lang='lat' dir='ltr'>ET</span> <span class='ocrx_word' id='word_1_14' title='bbox 852 502 1136 533; x_wconf 73' lang='lat' dir='ltr'><strong>CAPITULUM.</strong></span> 
     </span>
    </p>
   </div>
   <div class='ocr_carea' id='block_1_3' title="bbox 570 596 1108 642">
    <p class='ocr_par' dir='ltr' id='par_1_3' title="bbox 570 596 1108 642">
     <span class='ocr_line' id='line_1_4' title="bbox 570 596 1108 642; baseline -0.002 -12"><span class='ocrx_word' id='word_1_15' title='bbox 570 599 666 642; x_wconf 81' lang='lat' dir='ltr'><strong>[MS.</strong></span> <span class='ocrx_word' id='word_1_16' title='bbox 696 599 776 641; x_wconf 83' lang='lat' dir='ltr'>Cap.</span> <span class='ocrx_word' id='word_1_17' title='bbox 801 608 898 630; x_wconf 77' lang='lat' dir='ltr'>ch1.</span> <span class='ocrx_word' id='word_1_18' title='bbox 922 596 946 629; x_wconf 89' lang='lat' dir='ltr'>f.</span> <span class='ocrx_word' id='word_1_19' title='bbox 968 598 1040 630; x_wconf 84' lang='lat'><strong>198.</strong></span> <span class='ocrx_word' id='word_1_20' title='bbox 1057 597 1108 641; x_wconf 93' lang='lat' dir='ltr'>b.]</span> 
     </span>
    </p>
   </div>
   <div class='ocr_carea' id='block_1_4' title="bbox 57 690 1599 2843">
    <p class='ocr_par' dir='ltr' id='par_1_4' title="bbox 57 690 1599 2843">
     <span class='ocr_line' id='line_1_5' title="bbox 131 690 1596 747; baseline 0.001 -15"><span class='ocrx_word' id='word_1_21' title='bbox 131 691 416 747; x_wconf 86' lang='lat' dir='ltr'>Prosperante</span> <span class='ocrx_word' id='word_1_22' title='bbox 452 691 646 734; x_wconf 86' lang='lat' dir='ltr'>Prioratu</span> <span class='ocrx_word' id='word_1_23' title='bbox 678 692 756 732; x_wconf 91' lang='lat' dir='ltr'>sub</span> <span class='ocrx_word' id='word_1_24' title='bbox 792 690 948 733; x_wconf 87' lang='lat' dir='ltr'>Prioris</span> <span class='ocrx_word' id='word_1_25' title='bbox 980 690 1200 745; x_wconf 82' lang='lat' dir='ltr'>regimine,</span> <span class='ocrx_word' id='word_1_26' title='bbox 1219 691 1450 747; x_wconf 77' lang='lat' dir='ltr'>applicavit</span> <span class='ocrx_word' id='word_1_27' title='bbox 1474 692 1596 734; x_wconf 82' lang='lat' dir='ltr'>Prior</span> 
     </span>
     <span class='ocr_line' id='line_1_6' title="bbox 57 749 1599 805; baseline -0.001 -13"><span class='ocrx_word' id='word_1_28' title='bbox 57 749 260 793; x_wconf 65' lang='lat' dir='ltr'>conferre</span> <span class='ocrx_word' id='word_1_29' title='bbox 281 750 365 791; x_wconf 85' lang='lat' dir='ltr'>suis</span> <span class='ocrx_word' id='word_1_30' title='bbox 389 751 619 799; x_wconf 87' lang='lat' dir='ltr'>terrariam,</span> <span class='ocrx_word' id='word_1_31' title='bbox 645 750 883 805; x_wconf 88' lang='lat' dir='ltr'>[proficua]</span> <span class='ocrx_word' id='word_1_32' title='bbox 901 750 1184 791; x_wconf 83' lang='lat' dir='ltr'>halmotorum</span> <span class='ocrx_word' id='word_1_33' title='bbox 1201 767 1212 798; x_wconf 93' lang='lat'>;</span> <span class='ocrx_word' id='word_1_34' title='bbox 1238 751 1397 792; x_wconf 77' lang='lat' dir='ltr'>wardas</span> <span class='ocrx_word' id='word_1_35' title='bbox 1416 760 1457 792; x_wconf 90' lang='lat' dir='ltr'>et</span> <span class='ocrx_word' id='word_1_36' title='bbox 1472 752 1599 792; x_wconf 87' lang='lat' dir='ltr'>mari-</span> 
     </span>
     <span class='ocr_line' id='line_1_7' title="bbox 68 807 1596 864; baseline 0.001 -16"><span class='ocrx_word' id='word_1_37' title='bbox 68 807 181 861; x_wconf 80' lang='lat' dir='ltr'>tagia</span> <span class='ocrx_word' id='word_1_38' title='bbox 204 808 257 848; x_wconf 88' lang='lat' dir='ltr'>de</span> <span class='ocrx_word' id='word_1_39' title='bbox 283 808 683 862; x_wconf 74' lang='lat' dir='ltr'>Coldingliamschir</span> <span class='ocrx_word' id='word_1_40' title='bbox 703 809 786 849; x_wconf 83' lang='lat' dir='ltr'>suis</span> <span class='ocrx_word' id='word_1_41' title='bbox 809 808 989 849; x_wconf 88' lang='lat' dir='ltr'>contulit</span> <span class='ocrx_word' id='word_1_42' title='bbox 1015 808 1349 862; x_wconf 75' lang='lat' dir='ltr'>consanguineis,</span> <span class='ocrx_word' id='word_1_43' title='bbox 1373 824 1452 864; x_wconf 90' lang='lat' dir='ltr'>pro</span> <span class='ocrx_word' id='word_1_44' title='bbox 1474 809 1596 850; x_wconf 89' lang='lat' dir='ltr'>libito</span> 
     </span>
     <span class='ocr_line' id='line_1_8' title="bbox 69 866 1594 921; baseline 0 -12"><span class='ocrx_word' id='word_1_45' title='bbox 69 866 312 909; x_wconf 63' lang='lat' dir='ltr'>voluntatis.</span> <span class='ocrx_word' id='word_1_46' title='bbox 395 866 727 907; x_wconf 86' lang='lat' dir='ltr'>Murmurabant</span> <span class='ocrx_word' id='word_1_47' title='bbox 771 867 951 921; x_wconf 86' lang='lat' dir='ltr'>majores</span> <span class='ocrx_word' id='word_1_48' title='bbox 996 866 1247 921; x_wconf 86' lang='lat' dir='ltr'>[Capituli],</span> <span class='ocrx_word' id='word_1_49' title='bbox 1294 868 1481 921; x_wconf 84' lang='lat' dir='ltr'>graviter</span> <span class='ocrx_word' id='word_1_50' title='bbox 1511 867 1594 909; x_wconf 85' lang='lat' dir='ltr'>hoe</span> 
     </span>
     <span class='ocr_line' id='line_1_9' title="bbox 69 923 1596 980; baseline 0.002 -17"><span class='ocrx_word' id='word_1_51' title='bbox 69 923 285 974; x_wconf 75' lang='lat' dir='ltr'>ferente-53</span> <span class='ocrx_word' id='word_1_52' title='bbox 318 933 373 975; x_wconf 84' lang='lat' dir='ltr'>et,</span> <span class='ocrx_word' id='word_1_53' title='bbox 409 924 486 965; x_wconf 84' lang='lat' dir='ltr'>illis</span> <span class='ocrx_word' id='word_1_54' title='bbox 530 924 870 980; x_wconf 76' lang='lat' dir='ltr'>procurantibus,</span> <span class='ocrx_word' id='word_1_55' title='bbox 895 923 1115 965; x_wconf 88' lang='lat' dir='ltr'>descendit</span> <span class='ocrx_word' id='word_1_56' title='bbox 1143 924 1379 980; x_wconf 85' lang='lat' dir='ltr'>Episcopus</span> <span class='ocrx_word' id='word_1_57' title='bbox 1411 924 1466 965; x_wconf 90' lang='lat' dir='ltr'>ad</span> <span class='ocrx_word' id='word_1_58' title='bbox 1498 925 1596 966; x_wconf 88' lang='lat' dir='ltr'>visi-</span> 
     </span>
     <span class='ocr_line' id='line_1_10' title="bbox 70 981 1593 1037; baseline 0.002 -15"><span class='ocrx_word' id='word_1_59' title='bbox 70 982 244 1022; x_wconf 88' lang='lat' dir='ltr'>tandum</span> <span class='ocrx_word' id='word_1_60' title='bbox 291 983 534 1037; x_wconf 76' lang='lat' dir='ltr'>Capitulum</span> <span class='ocrx_word' id='word_1_61' title='bbox 573 983 615 1023; x_wconf 90' lang='lat' dir='ltr'>in</span> <span class='ocrx_word' id='word_1_62' title='bbox 653 982 840 1024; x_wconf 86' lang='lat' dir='ltr'>crastino</span> <span class='ocrx_word' id='word_1_63' title='bbox 874 981 1145 1023; x_wconf 83' lang='lat' dir='ltr'>Ascencionis</span> <span class='ocrx_word' id='word_1_64' title='bbox 1178 982 1435 1033; x_wconf 82' lang='lat' dir='ltr'>Dominicae,</span> <span class='ocrx_word' id='word_1_65' title='bbox 1479 997 1593 1025; x_wconf 87' lang='lat' dir='ltr'>anno</span> 
     </span>
     <span class='ocr_line' id='line_1_11' title="bbox 69 1039 1595 1084; baseline 0.001 -4"><span class='ocrx_word' id='word_1_66' title='bbox 69 1040 245 1081; x_wconf 86' lang='lat' dir='ltr'>Domini</span> <span class='ocrx_word' id='word_1_67' title='bbox 273 1054 408 1084; x_wconf 77' lang='lat' dir='ltr'>MCCC.</span> <span class='ocrx_word' id='word_1_68' title='bbox 436 1041 560 1081; x_wconf 80' lang='lat' dir='ltr'>Prior</span> <span class='ocrx_word' id='word_1_69' title='bbox 598 1056 697 1082; x_wconf 88' lang='lat' dir='ltr'>vero</span> <span class='ocrx_word' id='word_1_70' title='bbox 735 1040 843 1082; x_wconf 82' lang='lat' dir='ltr'>dixit</span> <span class='ocrx_word' id='word_1_71' title='bbox 878 1055 922 1081; x_wconf 89' lang='lat' dir='ltr'>se</span> <span class='ocrx_word' id='word_1_72' title='bbox 963 1039 1141 1081; x_wconf 83' lang='lat' dir='ltr'>libenter</span> <span class='ocrx_word' id='word_1_73' title='bbox 1173 1040 1452 1082; x_wconf 85' lang='lat' dir='ltr'>visitationem</span> <span class='ocrx_word' id='word_1_74' title='bbox 1475 1056 1595 1083; x_wconf 88' lang='lat' dir='ltr'>suam</span> 
     </span>
     <span class='ocr_line' id='line_1_12' title="bbox 69 1097 1594 1149; baseline 0.002 -12"><span class='ocrx_word' id='word_1_75' title='bbox 69 1098 328 1147; x_wconf 84' lang='lat' dir='ltr'>subiturum3</span> <span class='ocrx_word' id='word_1_76' title='bbox 351 1098 396 1149; x_wconf 87' lang='lat' dir='ltr'>si,</span> <span class='ocrx_word' id='word_1_77' title='bbox 415 1100 649 1140; x_wconf 85' lang='lat' dir='ltr'>secundum</span> <span class='ocrx_word' id='word_1_78' title='bbox 666 1097 1017 1140; x_wconf 83' lang='lat' dir='ltr'>consuetudinem</span> <span class='ocrx_word' id='word_1_79' title='bbox 1040 1098 1241 1149; x_wconf 88' lang='lat' dir='ltr'>ecclesiae,</span> <span class='ocrx_word' id='word_1_80' title='bbox 1265 1099 1377 1140; x_wconf 89' lang='lat' dir='ltr'>solus</span> <span class='ocrx_word' id='word_1_81' title='bbox 1395 1114 1490 1140; x_wconf 91' lang='lat' dir='ltr'>cum</span> <span class='ocrx_word' id='word_1_82' title='bbox 1514 1099 1594 1140; x_wconf 89' lang='lat' dir='ltr'>illis</span> 
     </span>
     <span class='ocr_line' id='line_1_13' title="bbox 69 1155 1592 1213; baseline 0.002 -17"><span class='ocrx_word' id='word_1_83' title='bbox 69 1155 123 1196; x_wconf 89' lang='lat' dir='ltr'>de</span> <span class='ocrx_word' id='word_1_84' title='bbox 166 1156 366 1211; x_wconf 82' lang='lat' dir='ltr'>Capitulo</span> <span class='ocrx_word' id='word_1_85' title='bbox 400 1156 567 1198; x_wconf 85' lang='lat' dir='ltr'>visitare</span> <span class='ocrx_word' id='word_1_86' title='bbox 600 1157 754 1205; x_wconf 84' lang='lat' dir='ltr'>vellet3</span> <span class='ocrx_word' id='word_1_87' title='bbox 806 1156 994 1213; x_wconf 74' lang='lat' dir='ltr'>allegans</span> <span class='ocrx_word' id='word_1_88' title='bbox 1031 1157 1088 1197; x_wconf 86' lang='lat' dir='ltr'>sic</span> <span class='ocrx_word' id='word_1_89' title='bbox 1132 1156 1320 1198; x_wconf 81' lang='lat' dir='ltr'>visitasse</span> <span class='ocrx_word' id='word_1_90' title='bbox 1346 1158 1592 1199; x_wconf 78' lang='lat' dir='ltr'>VValterum</span> 
     </span>
     <span class='ocr_line' id='line_1_14' title="bbox 74 1214 1590 1271; baseline 0.002 -17"><span class='ocrx_word' id='word_1_91' title='bbox 74 1214 242 1255; x_wconf 74' lang='lat' dir='ltr'>Giffard</span> <span class='ocrx_word' id='word_1_92' title='bbox 263 1215 636 1270; x_wconf 83' lang='lat' dir='ltr'>Archiepiscopum</span> <span class='ocrx_word' id='word_1_93' title='bbox 662 1215 793 1256; x_wconf 86' lang='lat' dir='ltr'>Ebor.</span> <span class='ocrx_word' id='word_1_94' title='bbox 817 1223 862 1255; x_wconf 92' lang='lat' dir='ltr'>ut</span> <span class='ocrx_word' id='word_1_95' title='bbox 883 1224 948 1255; x_wconf 90' lang='lat' dir='ltr'>est.</span> <span class='ocrx_word' id='word_1_96' title='bbox 970 1229 1095 1269; x_wconf 89' lang='lat' dir='ltr'>supra</span> <span class='ocrx_word' id='word_1_97' title='bbox 1112 1214 1317 1258; x_wconf 84' lang='lat' dir='ltr'>habitum.</span> <span class='ocrx_word' id='word_1_98' title='bbox 1354 1215 1590 1271; x_wconf 84' lang='lat' dir='ltr'>Episcopus</span> 
     </span>
     <span class='ocr_line' id='line_1_15' title="bbox 70 1272 1593 1328; baseline 0.003 -17"><span class='ocrx_word' id='word_1_99' title='bbox 70 1287 185 1322; x_wconf 89' lang='lat' dir='ltr'>vero,</span> <span class='ocrx_word' id='word_1_100' title='bbox 217 1273 357 1314; x_wconf 84' lang='lat' dir='ltr'>multis</span> <span class='ocrx_word' id='word_1_101' title='bbox 380 1273 624 1328; x_wconf 70' lang='lat' dir='ltr'>praehabitis</span> <span class='ocrx_word' id='word_1_102' title='bbox 646 1273 904 1323; x_wconf 84' lang='lat' dir='ltr'>tractatibus,</span> <span class='ocrx_word' id='word_1_103' title='bbox 931 1272 1057 1326; x_wconf 79' lang='lat' dir='ltr'>peciit</span> <span class='ocrx_word' id='word_1_104' title='bbox 1093 1288 1137 1314; x_wconf 92' lang='lat' dir='ltr'>se</span> <span class='ocrx_word' id='word_1_105' title='bbox 1175 1272 1342 1314; x_wconf 83' lang='lat' dir='ltr'>admitti</span> <span class='ocrx_word' id='word_1_106' title='bbox 1379 1289 1474 1314; x_wconf 91' lang='lat' dir='ltr'>cum</span> <span class='ocrx_word' id='word_1_107' title='bbox 1507 1289 1593 1315; x_wconf 90' lang='lat' dir='ltr'>uno</span> 
     </span>
     <span class='ocr_line' id='line_1_16' title="bbox 67 1330 1593 1385; baseline 0.002 -15"><span class='ocrx_word' id='word_1_108' title='bbox 67 1330 240 1379; x_wconf 82' lang='lat' dir='ltr'>cleric03</span> <span class='ocrx_word' id='word_1_109' title='bbox 265 1340 307 1371; x_wconf 88' lang='lat' dir='ltr'>et</span> <span class='ocrx_word' id='word_1_110' title='bbox 328 1331 548 1385; x_wconf 84' lang='lat' dir='ltr'>respondit</span> <span class='ocrx_word' id='word_1_111' title='bbox 568 1347 676 1372; x_wconf 82' lang='lat' dir='ltr'>unus</span> <span class='ocrx_word' id='word_1_112' title='bbox 699 1346 753 1372; x_wconf 83' lang='lat' dir='ltr'>ex</span> <span class='ocrx_word' id='word_1_113' title='bbox 774 1344 894 1385; x_wconf 84' lang='lat' dir='ltr'>parte</span> <span class='ocrx_word' id='word_1_114' title='bbox 915 1331 1085 1380; x_wconf 84' lang='lat' dir='ltr'>PrioriS,</span> <span class='ocrx_word' id='word_1_115' title='bbox 1112 1337 1140 1357; x_wconf 79' lang='lat'>‘⁶</span> <span class='ocrx_word' id='word_1_116' title='bbox 1155 1345 1230 1372; x_wconf 91' lang='lat' dir='ltr'>nec</span> <span class='ocrx_word' id='word_1_117' title='bbox 1253 1346 1348 1372; x_wconf 86' lang='lat' dir='ltr'>cum</span> <span class='ocrx_word' id='word_1_118' title='bbox 1371 1347 1471 1382; x_wconf 90' lang='lat' dir='ltr'>uno,</span> <span class='ocrx_word' id='word_1_119' title='bbox 1494 1335 1593 1383; x_wconf 87' lang='lat' dir='ltr'>[nec</span> 
     </span>
     <span class='ocr_line' id='line_1_17' title="bbox 61 1388 1595 1438; baseline 0.001 -10"><span class='ocrx_word' id='word_1_120' title='bbox 61 1403 160 1435; x_wconf 51' lang='lat' dir='ltr'>¹cum</span> <span class='ocrx_word' id='word_1_121' title='bbox 180 1389 366 1438; x_wconf 80' lang='lat' dir='ltr'>dnobus3</span> <span class='ocrx_word' id='word_1_122' title='bbox 391 1399 550 1430; x_wconf 79' lang='lat' dir='ltr'>tantum</span> <span class='ocrx_word' id='word_1_123' title='bbox 568 1389 677 1430; x_wconf 85' lang='lat' dir='ltr'>foret</span> <span class='ocrx_word' id='word_1_124' title='bbox 690 1399 837 1430; x_wconf 83' lang='lat' dir='ltr'>contra</span> <span class='ocrx_word' id='word_1_125' title='bbox 852 1388 1216 1438; x_wconf 78' lang='lat' dir='ltr'>consuetudinem,</span> <span class='ocrx_word' id='word_1_126' title='bbox 1230 1398 1275 1430; x_wconf 91' lang='lat' dir='ltr'>ut</span> <span class='ocrx_word' id='word_1_127' title='bbox 1288 1404 1382 1430; x_wconf 91' lang='lat' dir='ltr'>cum</span> <span class='ocrx_word' id='word_1_128' title='bbox 1399 1405 1484 1432; x_wconf 89' lang='lat' dir='ltr'>uno</span> <span class='ocrx_word' id='word_1_129' title='bbox 1503 1390 1595 1430; x_wconf 92' lang='lat' dir='ltr'>visi-</span> 
     </span>
     <span class='ocr_line' id='line_1_18' title="bbox 68 1447 1595 1503; baseline 0.002 -16"><span class='ocrx_word' id='word_1_130' title='bbox 68 1456 190 1496; x_wconf 83' lang='lat' dir='ltr'>taret,</span> <span class='ocrx_word' id='word_1_131' title='bbox 214 1447 320 1488; x_wconf 88' lang='lat' dir='ltr'>sicut</span> <span class='ocrx_word' id='word_1_132' title='bbox 343 1462 438 1489; x_wconf 88' lang='lat' dir='ltr'>cum</span> <span class='ocrx_word' id='word_1_133' title='bbox 462 1447 637 1502; x_wconf 81' lang='lat' dir='ltr'>mille.]&#39;&#39;</span> <span class='ocrx_word' id='word_1_134' title='bbox 703 1448 969 1488; x_wconf 82' lang='lat' dir='ltr'>Provocabat</span> <span class='ocrx_word' id='word_1_135' title='bbox 990 1447 1118 1501; x_wconf 82' lang='lat' dir='ltr'>igitur</span> <span class='ocrx_word' id='word_1_136' title='bbox 1142 1448 1265 1489; x_wconf 83' lang='lat' dir='ltr'>Prior</span> <span class='ocrx_word' id='word_1_137' title='bbox 1285 1463 1364 1503; x_wconf 90' lang='lat' dir='ltr'>pro</span> <span class='ocrx_word' id='word_1_138' title='bbox 1385 1463 1428 1489; x_wconf 90' lang='lat' dir='ltr'>se</span> <span class='ocrx_word' id='word_1_139' title='bbox 1451 1458 1493 1490; x_wconf 88' lang='lat' dir='ltr'>et</span> <span class='ocrx_word' id='word_1_140' title='bbox 1514 1448 1595 1490; x_wconf 86' lang='lat' dir='ltr'>sibi</span> 
     </span>
     <span class='ocr_line' id='line_1_19' title="bbox 68 1505 1591 1560; baseline 0.002 -15"><span class='ocrx_word' id='word_1_141' title='bbox 68 1505 394 1556; x_wconf 80' lang='lat' dir='ltr'>adhaerentibuS,</span> <span class='ocrx_word' id='word_1_142' title='bbox 419 1518 461 1547; x_wconf 87' lang='lat' dir='ltr'>et</span> <span class='ocrx_word' id='word_1_143' title='bbox 481 1505 735 1560; x_wconf 85' lang='lat' dir='ltr'>appellabat.</span> <span class='ocrx_word' id='word_1_144' title='bbox 800 1505 1034 1560; x_wconf 83' lang='lat' dir='ltr'>Episcopus</span> <span class='ocrx_word' id='word_1_145' title='bbox 1058 1520 1157 1546; x_wconf 91' lang='lat' dir='ltr'>vero</span> <span class='ocrx_word' id='word_1_146' title='bbox 1179 1506 1591 1557; x_wconf 76' lang='lat' dir='ltr'>excommunicabat,</span> 
     </span>
     <span class='ocr_line' id='line_1_20' title="bbox 67 1563 1596 1618; baseline 0.002 -15"><span class='ocrx_word' id='word_1_147' title='bbox 67 1564 362 1618; x_wconf 86' lang='lat' dir='ltr'>suspendebat,</span> <span class='ocrx_word' id='word_1_148' title='bbox 404 1573 446 1604; x_wconf 86' lang='lat' dir='ltr'>et</span> <span class='ocrx_word' id='word_1_149' title='bbox 486 1563 707 1605; x_wconf 83' lang='lat' dir='ltr'>interdixit</span> <span class='ocrx_word' id='word_1_150' title='bbox 728 1578 739 1612; x_wconf 85' lang='lat'><em>3</em></span> <span class='ocrx_word' id='word_1_151' title='bbox 781 1572 823 1604; x_wconf 91' lang='lat' dir='ltr'>et</span> <span class='ocrx_word' id='word_1_152' title='bbox 854 1564 1026 1604; x_wconf 89' lang='lat' dir='ltr'>tandem</span> <span class='ocrx_word' id='word_1_153' title='bbox 1065 1563 1256 1605; x_wconf 85' lang='lat' dir='ltr'>Priorem</span> <span class='ocrx_word' id='word_1_154' title='bbox 1289 1564 1596 1607; x_wconf 86' lang='lat' dir='ltr'>sententialiter</span> 
     </span>
     <span class='ocr_line' id='line_1_21' title="bbox 65 1621 1590 1676; baseline 0.003 -16"><span class='ocrx_word' id='word_1_155' title='bbox 65 1622 258 1676; x_wconf 86' lang='lat' dir='ltr'>privavit.</span> <span class='ocrx_word' id='word_1_156' title='bbox 322 1622 379 1663; x_wconf 87' lang='lat' dir='ltr'>Et</span> <span class='ocrx_word' id='word_1_157' title='bbox 419 1621 530 1663; x_wconf 84' lang='lat' dir='ltr'>facta</span> <span class='ocrx_word' id='word_1_158' title='bbox 560 1630 622 1662; x_wconf 86' lang='lat' dir='ltr'>est</span> <span class='ocrx_word' id='word_1_159' title='bbox 657 1621 807 1662; x_wconf 87' lang='lat' dir='ltr'>divisio</span> <span class='ocrx_word' id='word_1_160' title='bbox 848 1621 891 1662; x_wconf 90' lang='lat' dir='ltr'>in</span> <span class='ocrx_word' id='word_1_161' title='bbox 928 1622 1166 1663; x_wconf 86' lang='lat' dir='ltr'>Conventu.</span> <span class='ocrx_word' id='word_1_162' title='bbox 1234 1622 1434 1673; x_wconf 80' lang='lat' dir='ltr'>Quidam,</span> <span class='ocrx_word' id='word_1_163' title='bbox 1463 1625 1590 1674; x_wconf 89' lang='lat' dir='ltr'>enim,</span> 
     </span>
     <span class='ocr_line' id='line_1_22' title="bbox 66 1679 1594 1735; baseline 0.003 -16"><span class='ocrx_word' id='word_1_164' title='bbox 66 1679 266 1721; x_wconf 70' lang='lat' dir='ltr'>i&#39;avebant</span> <span class='ocrx_word' id='word_1_165' title='bbox 284 1680 511 1735; x_wconf 86' lang='lat' dir='ltr'>Episcopo,</span> <span class='ocrx_word' id='word_1_166' title='bbox 530 1679 637 1720; x_wconf 84' lang='lat' dir='ltr'>sicut</span> <span class='ocrx_word' id='word_1_167' title='bbox 655 1679 820 1720; x_wconf 84' lang='lat' dir='ltr'>Priores</span> <span class='ocrx_word' id='word_1_168' title='bbox 842 1680 895 1720; x_wconf 91' lang='lat' dir='ltr'>de</span> <span class='ocrx_word' id='word_1_169' title='bbox 912 1680 1077 1734; x_wconf 76' lang='lat' dir='ltr'>Fynkal</span> <span class='ocrx_word' id='word_1_170' title='bbox 1100 1689 1142 1721; x_wconf 89' lang='lat' dir='ltr'>et</span> <span class='ocrx_word' id='word_1_171' title='bbox 1162 1680 1215 1721; x_wconf 92' lang='lat' dir='ltr'>de</span> <span class='ocrx_word' id='word_1_172' title='bbox 1242 1680 1398 1732; x_wconf 86' lang='lat' dir='ltr'>Insula,</span> <span class='ocrx_word' id='word_1_173' title='bbox 1418 1682 1594 1733; x_wconf 86' lang='lat' dir='ltr'>[elemo-</span> 
     </span>
     <span class='ocr_line' id='line_1_23' title="bbox 66 1737 1594 1787; baseline 0.003 -10"><span class='ocrx_word' id='word_1_174' title='bbox 66 1738 244 1778; x_wconf 88' lang='lat' dir='ltr'>sinarius</span> <span class='ocrx_word' id='word_1_175' title='bbox 262 1737 573 1787; x_wconf 89' lang='lat' dir='ltr'>Dunelmensis,</span> <span class='ocrx_word' id='word_1_176' title='bbox 589 1737 831 1779; x_wconf 81' lang='lat' dir='ltr'>feretrarius</span> <span class='ocrx_word' id='word_1_177' title='bbox 849 1746 892 1778; x_wconf 92' lang='lat' dir='ltr'>et</span> <span class='ocrx_word' id='word_1_178' title='bbox 909 1737 1032 1778; x_wconf 85' lang='lat' dir='ltr'>multi</span> <span class='ocrx_word' id='word_1_179' title='bbox 1053 1737 1137 1779; x_wconf 90' lang='lat' dir='ltr'>alii.</span> <span class='ocrx_word' id='word_1_180' title='bbox 1205 1737 1286 1778; x_wconf 90' lang='lat' dir='ltr'>Alii</span> <span class='ocrx_word' id='word_1_181' title='bbox 1308 1739 1529 1781; x_wconf 81' lang='lat' dir='ltr'>manifeste</span> <span class='ocrx_word' id='word_1_182' title='bbox 1551 1749 1594 1782; x_wconf 89' lang='lat' dir='ltr'>et</span> 
     </span>
     <span class='ocr_line' id='line_1_24' title="bbox 61 1795 1595 1850; baseline 0.002 -14"><span class='ocrx_word' id='word_1_183' title='bbox 61 1795 205 1850; x_wconf 84' lang='lat' dir='ltr'>palam</span> <span class='ocrx_word' id='word_1_184' title='bbox 227 1796 395 1837; x_wconf 87' lang='lat' dir='ltr'>stabant</span> <span class='ocrx_word' id='word_1_185' title='bbox 417 1811 470 1836; x_wconf 87' lang='lat' dir='ltr'>ex</span> <span class='ocrx_word' id='word_1_186' title='bbox 491 1795 670 1837; x_wconf 87' lang='lat' dir='ltr'>adverso</span> <span class='ocrx_word' id='word_1_187' title='bbox 691 1810 786 1836; x_wconf 91' lang='lat' dir='ltr'>cum</span> <span class='ocrx_word' id='word_1_188' title='bbox 812 1795 959 1836; x_wconf 82' lang='lat' dir='ltr'>Priore</span> <span class='ocrx_word' id='word_1_189' title='bbox 981 1810 1072 1837; x_wconf 89' lang='lat' dir='ltr'>suo.</span> <span class='ocrx_word' id='word_1_190' title='bbox 1139 1795 1223 1837; x_wconf 89' lang='lat' dir='ltr'>Alii</span> <span class='ocrx_word' id='word_1_191' title='bbox 1245 1796 1328 1837; x_wconf 85' lang='lat' dir='ltr'>litis</span> <span class='ocrx_word' id='word_1_192' title='bbox 1350 1796 1595 1840; x_wconf 76' lang='lat' dir='ltr'>discrImina</span> 
     </span>
     <span class='ocr_line' id='line_1_25' title="bbox 67 1853 1589 1908; baseline 0.003 -15"><span class='ocrx_word' id='word_1_193' title='bbox 67 1862 317 1902; x_wconf 75' lang='lat' dir='ltr'>metuentes,</span> <span class='ocrx_word' id='word_1_194' title='bbox 356 1863 398 1895; x_wconf 90' lang='lat' dir='ltr'>et</span> <span class='ocrx_word' id='word_1_195' title='bbox 434 1868 581 1908; x_wconf 81' lang='lat' dir='ltr'>pacem</span> <span class='ocrx_word' id='word_1_196' title='bbox 618 1854 878 1904; x_wconf 84' lang='lat' dir='ltr'>affectantes,</span> <span class='ocrx_word' id='word_1_197' title='bbox 913 1853 1053 1895; x_wconf 87' lang='lat' dir='ltr'>medio</span> <span class='ocrx_word' id='word_1_198' title='bbox 1091 1854 1221 1895; x_wconf 87' lang='lat' dir='ltr'>modo</span> <span class='ocrx_word' id='word_1_199' title='bbox 1251 1869 1295 1895; x_wconf 89' lang='lat' dir='ltr'>se</span> <span class='ocrx_word' id='word_1_200' title='bbox 1332 1854 1589 1907; x_wconf 84' lang='lat' dir='ltr'>habuerunt,</span> 
     </span>
     <span class='ocr_line' id='line_1_26' title="bbox 66 1911 1592 1967; baseline 0.003 -16"><span class='ocrx_word' id='word_1_201' title='bbox 66 1911 316 1967; x_wconf 64' lang='lat' dir='ltr'>gementes]</span> <span class='ocrx_word' id='word_1_202' title='bbox 382 1912 616 1967; x_wconf 80' lang='lat' dir='ltr'>Episcopus</span> <span class='ocrx_word' id='word_1_203' title='bbox 639 1927 752 1962; x_wconf 87' lang='lat' dir='ltr'>vero,</span> <span class='ocrx_word' id='word_1_204' title='bbox 770 1911 826 1952; x_wconf 86' lang='lat' dir='ltr'>sic</span> <span class='ocrx_word' id='word_1_205' title='bbox 843 1921 1111 1966; x_wconf 88' lang='lat' dir='ltr'>provocatus,</span> <span class='ocrx_word' id='word_1_206' title='bbox 1136 1926 1307 1966; x_wconf 85' lang='lat' dir='ltr'>parcum</span> <span class='ocrx_word' id='word_1_207' title='bbox 1331 1913 1385 1955; x_wconf 88' lang='lat' dir='ltr'>de</span> <span class='ocrx_word' id='word_1_208' title='bbox 1404 1914 1592 1956; x_wconf 86' lang='lat' dir='ltr'>Beaure-</span> 
     </span>
     <span class='ocr_line' id='line_1_27' title="bbox 65 1969 1591 2027; baseline 0.004 -19"><span class='ocrx_word' id='word_1_209' title='bbox 65 1969 182 2025; x_wconf 85' lang='lat' dir='ltr'>paire</span> <span class='ocrx_word' id='word_1_210' title='bbox 206 1970 426 2024; x_wconf 83' lang='lat' dir='ltr'>ingressus,</span> <span class='ocrx_word' id='word_1_211' title='bbox 449 1970 573 2021; x_wconf 87' lang='lat' dir='ltr'>feras,</span> <span class='ocrx_word' id='word_1_212' title='bbox 593 1985 688 2026; x_wconf 83' lang='lat' dir='ltr'>quae</span> <span class='ocrx_word' id='word_1_213' title='bbox 711 1979 813 2011; x_wconf 88' lang='lat' dir='ltr'>tunc</span> <span class='ocrx_word' id='word_1_214' title='bbox 835 1970 891 2011; x_wconf 89' lang='lat' dir='ltr'>ibi</span> <span class='ocrx_word' id='word_1_215' title='bbox 914 1970 1230 2020; x_wconf 82' lang='lat' dir='ltr'>habundabant,</span> <span class='ocrx_word' id='word_1_216' title='bbox 1254 1971 1372 2027; x_wconf 88' lang='lat' dir='ltr'>quasi</span> <span class='ocrx_word' id='word_1_217' title='bbox 1394 1972 1591 2014; x_wconf 88' lang='lat' dir='ltr'>demoliri</span> 
     </span>
     <span class='ocr_line' id='line_1_28' title="bbox 66 2027 1591 2083; baseline 0.003 -15"><span class='ocrx_word' id='word_1_218' title='bbox 66 2037 274 2082; x_wconf 82' lang='lat' dir='ltr'>satagens,</span> <span class='ocrx_word' id='word_1_219' title='bbox 300 2035 436 2083; x_wconf 89' lang='lat' dir='ltr'>[senes</span> <span class='ocrx_word' id='word_1_220' title='bbox 458 2044 551 2069; x_wconf 91' lang='lat' dir='ltr'>cum</span> <span class='ocrx_word' id='word_1_221' title='bbox 568 2028 828 2083; x_wconf 83' lang='lat' dir='ltr'>junioribus]</span> <span class='ocrx_word' id='word_1_222' title='bbox 852 2027 1053 2069; x_wconf 81' lang='lat' dir='ltr'>faemellas</span> <span class='ocrx_word' id='word_1_223' title='bbox 1080 2038 1121 2069; x_wconf 91' lang='lat' dir='ltr'>et</span> <span class='ocrx_word' id='word_1_224' title='bbox 1144 2043 1279 2070; x_wconf 83' lang='lat' dir='ltr'>mares</span> <span class='ocrx_word' id='word_1_225' title='bbox 1301 2029 1591 2073; x_wconf 76' lang='lat' dir='ltr'>indifferenter</span> 
     </span>
     <span class='ocr_line' id='line_1_29' title="bbox 66 2085 1588 2142; baseline 0.004 -17"><span class='ocrx_word' id='word_1_226' title='bbox 66 2086 176 2140; x_wconf 88' lang='lat' dir='ltr'>cepit</span> <span class='ocrx_word' id='word_1_227' title='bbox 195 2102 205 2135; x_wconf 90' lang='lat'>;</span> <span class='ocrx_word' id='word_1_228' title='bbox 237 2085 428 2127; x_wconf 87' lang='lat' dir='ltr'>homines</span> <span class='ocrx_word' id='word_1_229' title='bbox 462 2101 563 2128; x_wconf 84' lang='lat' dir='ltr'>vero</span> <span class='ocrx_word' id='word_1_230' title='bbox 603 2086 803 2142; x_wconf 87' lang='lat' dir='ltr'>Episcopi</span> <span class='ocrx_word' id='word_1_231' title='bbox 844 2086 1073 2129; x_wconf 76' lang='lat' dir='ltr'>saeviebant</span> <span class='ocrx_word' id='word_1_232' title='bbox 1103 2086 1145 2127; x_wconf 90' lang='lat' dir='ltr'>in</span> <span class='ocrx_word' id='word_1_233' title='bbox 1181 2087 1371 2129; x_wconf 87' lang='lat' dir='ltr'>Priorem</span> <span class='ocrx_word' id='word_1_234' title='bbox 1404 2097 1446 2130; x_wconf 90' lang='lat' dir='ltr'>et</span> <span class='ocrx_word' id='word_1_235' title='bbox 1476 2104 1588 2141; x_wconf 84' lang='lat' dir='ltr'>SUOS,</span> 
     </span>
     <span class='ocr_line' id='line_1_30' title="bbox 66 2142 1590 2200; baseline 0.003 -17"><span class='ocrx_word' id='word_1_236' title='bbox 66 2142 256 2184; x_wconf 86' lang='lat' dir='ltr'>homines</span> <span class='ocrx_word' id='word_1_237' title='bbox 289 2144 376 2199; x_wconf 88' lang='lat' dir='ltr'>ejus</span> <span class='ocrx_word' id='word_1_238' title='bbox 399 2144 720 2195; x_wconf 85' lang='lat' dir='ltr'>incarcerantes,</span> <span class='ocrx_word' id='word_1_239' title='bbox 754 2144 937 2200; x_wconf 82' lang='lat' dir='ltr'>cariagia</span> <span class='ocrx_word' id='word_1_240' title='bbox 965 2153 1008 2186; x_wconf 90' lang='lat' dir='ltr'>et</span> <span class='ocrx_word' id='word_1_241' title='bbox 1040 2145 1236 2187; x_wconf 86' lang='lat' dir='ltr'>victualia</span> <span class='ocrx_word' id='word_1_242' title='bbox 1267 2147 1321 2188; x_wconf 90' lang='lat' dir='ltr'>ad</span> <span class='ocrx_word' id='word_1_243' title='bbox 1347 2146 1590 2194; x_wconf 86' lang='lat' dir='ltr'>Prioratum</span> 
     </span>
     <span class='ocr_line' id='line_1_31' title="bbox 65 2202 1590 2260; baseline 0.005 -19"><span class='ocrx_word' id='word_1_244' title='bbox 65 2202 228 2256; x_wconf 81' lang='lat' dir='ltr'>ingredi</span> <span class='ocrx_word' id='word_1_245' title='bbox 262 2217 345 2243; x_wconf 88' lang='lat' dir='ltr'>non</span> <span class='ocrx_word' id='word_1_246' title='bbox 368 2203 673 2257; x_wconf 84' lang='lat' dir='ltr'>permittentes.</span> <span class='ocrx_word' id='word_1_247' title='bbox 738 2203 816 2258; x_wconf 88' lang='lat' dir='ltr'>[Et</span> <span class='ocrx_word' id='word_1_248' title='bbox 838 2218 935 2244; x_wconf 91' lang='lat' dir='ltr'>cum</span> <span class='ocrx_word' id='word_1_249' title='bbox 961 2202 1082 2244; x_wconf 88' lang='lat' dir='ltr'>Prior</span> <span class='ocrx_word' id='word_1_250' title='bbox 1103 2204 1233 2245; x_wconf 88' lang='lat' dir='ltr'>semel</span> <span class='ocrx_word' id='word_1_251' title='bbox 1255 2219 1380 2259; x_wconf 86' lang='lat' dir='ltr'>super</span> <span class='ocrx_word' id='word_1_252' title='bbox 1400 2206 1590 2260; x_wconf 87' lang='lat' dir='ltr'>placeam</span> 
     </span>
     <span class='ocr_line' id='line_1_32' title="bbox 66 2260 1589 2317; baseline 0.003 -17"><span class='ocrx_word' id='word_1_253' title='bbox 66 2261 239 2310; x_wconf 78' lang='lat' dir='ltr'>veniret,</span> <span class='ocrx_word' id='word_1_254' title='bbox 263 2275 342 2315; x_wconf 89' lang='lat' dir='ltr'>pro</span> <span class='ocrx_word' id='word_1_255' title='bbox 365 2260 548 2317; x_wconf 71' lang='lat' dir='ltr'>cariagio</span> <span class='ocrx_word' id='word_1_256' title='bbox 570 2269 752 2302; x_wconf 82' lang='lat' dir='ltr'>arestato</span> <span class='ocrx_word' id='word_1_257' title='bbox 774 2262 1006 2311; x_wconf 90' lang='lat' dir='ltr'>locuturus,</span> <span class='ocrx_word' id='word_1_258' title='bbox 1030 2276 1127 2302; x_wconf 90' lang='lat' dir='ltr'>eum</span> <span class='ocrx_word' id='word_1_259' title='bbox 1150 2262 1445 2313; x_wconf 86' lang='lat' dir='ltr'>attachiarunt,</span> <span class='ocrx_word' id='word_1_260' title='bbox 1469 2273 1513 2305; x_wconf 87' lang='lat' dir='ltr'>et</span> <span class='ocrx_word' id='word_1_261' title='bbox 1534 2265 1589 2306; x_wconf 88' lang='lat' dir='ltr'>ad</span> 
     </span>
     <span class='ocr_line' id='line_1_33' title="bbox 66 2315 1589 2363; baseline 0.004 -6"><span class='ocrx_word' id='word_1_262' title='bbox 66 2332 277 2358; x_wconf 83' lang='lat' dir='ltr'>carcerem</span> <span class='ocrx_word' id='word_1_263' title='bbox 301 2318 468 2360; x_wconf 79' lang='lat' dir='ltr'>trahere</span> <span class='ocrx_word' id='word_1_264' title='bbox 491 2315 765 2363; x_wconf 80' lang='lat' dir='ltr'>conabantur.</span> <span class='ocrx_word' id='word_1_265' title='bbox 833 2319 917 2360; x_wconf 87' lang='lat' dir='ltr'>Sed</span> <span class='ocrx_word' id='word_1_266' title='bbox 950 2319 1145 2360; x_wconf 84' lang='lat' dir='ltr'>monachi</span> <span class='ocrx_word' id='word_1_267' title='bbox 1172 2328 1274 2361; x_wconf 87' lang='lat' dir='ltr'>tunc</span> <span class='ocrx_word' id='word_1_268' title='bbox 1296 2321 1524 2363; x_wconf 84' lang='lat' dir='ltr'>existentes</span> <span class='ocrx_word' id='word_1_269' title='bbox 1547 2322 1589 2363; x_wconf 86' lang='lat' dir='ltr'>in</span> 
     </span>
     <span class='ocr_line' id='line_1_34' title="bbox 66 2375 1588 2434; baseline 0.005 -20"><span class='ocrx_word' id='word_1_270' title='bbox 66 2375 263 2429; x_wconf 83' lang='lat' dir='ltr'>vesperis,</span> <span class='ocrx_word' id='word_1_271' title='bbox 279 2375 370 2416; x_wconf 86' lang='lat' dir='ltr'>haec</span> <span class='ocrx_word' id='word_1_272' title='bbox 393 2376 623 2426; x_wconf 71' lang='lat' dir='ltr'>audientes,</span> <span class='ocrx_word' id='word_1_273' title='bbox 643 2391 740 2417; x_wconf 89' lang='lat' dir='ltr'>eum</span> <span class='ocrx_word' id='word_1_274' title='bbox 758 2378 900 2417; x_wconf 83' lang='lat' dir='ltr'>statim</span> <span class='ocrx_word' id='word_1_275' title='bbox 922 2377 1192 2433; x_wconf 62' lang='lat' dir='ltr'>liberabant]</span> <span class='ocrx_word' id='word_1_276' title='bbox 1249 2378 1438 2428; x_wconf 86' lang='lat' dir='ltr'>Interim,</span> <span class='ocrx_word' id='word_1_277' title='bbox 1468 2379 1588 2434; x_wconf 82' lang='lat' dir='ltr'>Rege</span> 
     </span>
     <span class='ocr_line' id='line_1_35' title="bbox 65 2433 1589 2494; baseline 0.005 -22"><span class='ocrx_word' id='word_1_278' title='bbox 65 2433 290 2486; x_wconf 81' lang='lat' dir='ltr'>mediante,</span> <span class='ocrx_word' id='word_1_279' title='bbox 314 2434 522 2488; x_wconf 87' lang='lat' dir='ltr'>pacificati</span> <span class='ocrx_word' id='word_1_280' title='bbox 544 2443 640 2475; x_wconf 90' lang='lat' dir='ltr'>sunt</span> <span class='ocrx_word' id='word_1_281' title='bbox 660 2435 790 2474; x_wconf 85' lang='lat' dir='ltr'>verbo</span> <span class='ocrx_word' id='word_1_282' title='bbox 812 2444 933 2475; x_wconf 89' lang='lat' dir='ltr'>tenus</span> <span class='ocrx_word' id='word_1_283' title='bbox 957 2434 1193 2489; x_wconf 83' lang='lat' dir='ltr'>Episcopus</span> <span class='ocrx_word' id='word_1_284' title='bbox 1215 2443 1256 2476; x_wconf 90' lang='lat' dir='ltr'>et</span> <span class='ocrx_word' id='word_1_285' title='bbox 1282 2435 1404 2475; x_wconf 90' lang='lat' dir='ltr'>Prior</span> <span class='ocrx_word' id='word_1_286' title='bbox 1423 2451 1433 2485; x_wconf 85' lang='lat'><em>3</em></span> <span class='ocrx_word' id='word_1_287' title='bbox 1470 2437 1589 2494; x_wconf 83' lang='lat' dir='ltr'>Rege</span> 
     </span>
     <span class='ocr_line' id='line_1_36' title="bbox 65 2491 1587 2550; baseline 0.005 -20"><span class='ocrx_word' id='word_1_288' title='bbox 65 2491 305 2541; x_wconf 81' lang='lat' dir='ltr'>ordinante,</span> <span class='ocrx_word' id='word_1_289' title='bbox 331 2491 445 2546; x_wconf 82' lang='lat' dir='ltr'>quod</span> <span class='ocrx_word' id='word_1_290' title='bbox 470 2491 604 2540; x_wconf 84' lang='lat' dir='ltr'>Prior,</span> <span class='ocrx_word' id='word_1_291' title='bbox 622 2492 763 2546; x_wconf 87' lang='lat' dir='ltr'>quoad</span> <span class='ocrx_word' id='word_1_292' title='bbox 785 2492 959 2540; x_wconf 87' lang='lat' dir='ltr'>viveret,</span> <span class='ocrx_word' id='word_1_293' title='bbox 988 2492 1110 2533; x_wconf 88' lang='lat' dir='ltr'>Prior</span> <span class='ocrx_word' id='word_1_294' title='bbox 1131 2501 1256 2542; x_wconf 89' lang='lat' dir='ltr'>esset,</span> <span class='ocrx_word' id='word_1_295' title='bbox 1281 2503 1324 2533; x_wconf 91' lang='lat' dir='ltr'>et</span> <span class='ocrx_word' id='word_1_296' title='bbox 1352 2493 1587 2550; x_wconf 87' lang='lat' dir='ltr'>Episcopus</span> 
     </span>
     <span class='ocr_line' id='line_1_37' title="bbox 64 2549 1587 2604; baseline 0.005 -16"><span class='ocrx_word' id='word_1_297' title='bbox 64 2564 160 2589; x_wconf 82' lang='lat' dir='ltr'>cnm</span> <span class='ocrx_word' id='word_1_298' title='bbox 184 2549 314 2589; x_wconf 84' lang='lat' dir='ltr'>tribus</span> <span class='ocrx_word' id='word_1_299' title='bbox 338 2549 403 2589; x_wconf 91' lang='lat' dir='ltr'>vel</span> <span class='ocrx_word' id='word_1_300' title='bbox 424 2557 605 2604; x_wconf 86' lang='lat' dir='ltr'>quatuor</span> <span class='ocrx_word' id='word_1_301' title='bbox 626 2549 786 2589; x_wconf 89' lang='lat' dir='ltr'>clericis</span> <span class='ocrx_word' id='word_1_302' title='bbox 808 2549 1005 2597; x_wconf 72' lang='lat' dir='ltr'>visitaret,</span> <span class='ocrx_word' id='word_1_303' title='bbox 1022 2558 1062 2590; x_wconf 89' lang='lat' dir='ltr'>et</span> <span class='ocrx_word' id='word_1_304' title='bbox 1080 2550 1394 2591; x_wconf 82' lang='lat' dir='ltr'>remitterentur</span> <span class='ocrx_word' id='word_1_305' title='bbox 1410 2551 1587 2596; x_wconf 88' lang='lat' dir='ltr'>invicem</span> 
     </span>
     <span class='ocr_line' id='line_1_38' title="bbox 66 2606 1587 2664; baseline 0.004 -19"><span class='ocrx_word' id='word_1_306' title='bbox 66 2608 270 2649; x_wconf 85' lang='lat' dir='ltr'>universa.</span> <span class='ocrx_word' id='word_1_307' title='bbox 339 2606 435 2647; x_wconf 82' lang='lat' dir='ltr'>Rex</span> <span class='ocrx_word' id='word_1_308' title='bbox 467 2607 578 2647; x_wconf 86' lang='lat' dir='ltr'>enim</span> <span class='ocrx_word' id='word_1_309' title='bbox 610 2607 782 2648; x_wconf 80' lang='lat' dir='ltr'>affectus</span> <span class='ocrx_word' id='word_1_310' title='bbox 818 2622 919 2660; x_wconf 80' lang='lat' dir='ltr'>erga</span> <span class='ocrx_word' id='word_1_311' title='bbox 956 2616 1194 2663; x_wconf 84' lang='lat' dir='ltr'>utrumque,</span> <span class='ocrx_word' id='word_1_312' title='bbox 1231 2608 1510 2664; x_wconf 83' lang='lat' dir='ltr'>[Episcopum</span> <span class='ocrx_word' id='word_1_313' title='bbox 1544 2623 1587 2656; x_wconf 83' lang='lat' dir='ltr'>et</span> 
     </span>
     <span class='ocr_line' id='line_1_39' title="bbox 68 2664 1587 2724; baseline 0.005 -20"><span class='ocrx_word' id='word_1_314' title='bbox 68 2664 296 2716; x_wconf 79' lang='lat' dir='ltr'>Priorem,]</span> <span class='ocrx_word' id='word_1_315' title='bbox 334 2679 430 2705; x_wconf 86' lang='lat' dir='ltr'>cum</span> <span class='ocrx_word' id='word_1_316' title='bbox 467 2664 545 2705; x_wconf 84' lang='lat' dir='ltr'>iter</span> <span class='ocrx_word' id='word_1_317' title='bbox 582 2674 724 2718; x_wconf 84' lang='lat' dir='ltr'>ageret</span> <span class='ocrx_word' id='word_1_318' title='bbox 760 2679 901 2705; x_wconf 86' lang='lat' dir='ltr'>versus</span> <span class='ocrx_word' id='word_1_319' title='bbox 928 2664 1190 2716; x_wconf 63' lang='lat' dir='ltr'>Kal-leolum,</span> <span class='ocrx_word' id='word_1_320' title='bbox 1215 2667 1443 2709; x_wconf 84' lang='lat' dir='ltr'>declinavit</span> <span class='ocrx_word' id='word_1_321' title='bbox 1474 2672 1587 2724; x_wconf 84' lang='lat' dir='ltr'>apud</span> 
     </span>
     <span class='ocr_line' id='line_1_40' title="bbox 67 2721 1585 2783; baseline 0.005 -22"><span class='ocrx_word' id='word_1_322' title='bbox 67 2721 343 2773; x_wconf 81' lang='lat' dir='ltr'>Dunelmnm,</span> <span class='ocrx_word' id='word_1_323' title='bbox 380 2731 425 2763; x_wconf 91' lang='lat' dir='ltr'>ut</span> <span class='ocrx_word' id='word_1_324' title='bbox 462 2737 533 2762; x_wconf 90' lang='lat' dir='ltr'>eos</span> <span class='ocrx_word' id='word_1_325' title='bbox 568 2722 837 2777; x_wconf 82' lang='lat' dir='ltr'>pacificaret3</span> <span class='ocrx_word' id='word_1_326' title='bbox 871 2722 1189 2779; x_wconf 80' lang='lat' dir='ltr'>pacificatisque</span> <span class='ocrx_word' id='word_1_327' title='bbox 1221 2726 1424 2779; x_wconf 84' lang='lat' dir='ltr'>promisit,</span> <span class='ocrx_word' id='word_1_328' title='bbox 1469 2730 1585 2783; x_wconf 88' lang='lat' dir='ltr'>quod</span> 
     </span>
     <span class='ocr_line' id='line_1_41' title="bbox 66 2780 1583 2843; baseline 0.005 -23"><span class='ocrx_word' id='word_1_329' title='bbox 66 2790 210 2821; x_wconf 78' lang='lat' dir='ltr'>contra</span> <span class='ocrx_word' id='word_1_330' title='bbox 247 2795 340 2821; x_wconf 86' lang='lat' dir='ltr'>eum</span> <span class='ocrx_word' id='word_1_331' title='bbox 378 2782 449 2837; x_wconf 76' lang='lat' dir='ltr'>qui</span> <span class='ocrx_word' id='word_1_332' title='bbox 483 2795 631 2835; x_wconf 78' lang='lat' dir='ltr'>pacem</span> <span class='ocrx_word' id='word_1_333' title='bbox 669 2780 815 2822; x_wconf 86' lang='lat' dir='ltr'>initam</span> <span class='ocrx_word' id='word_1_334' title='bbox 849 2780 1105 2843; x_wconf 67' lang='lat' dir='ltr'>infringeret,</span> <span class='ocrx_word' id='word_1_335' title='bbox 1129 2792 1292 2836; x_wconf 82' lang='lat' dir='ltr'>partem</span> <span class='ocrx_word' id='word_1_336' title='bbox 1328 2798 1369 2825; x_wconf 85' lang='lat' dir='ltr'>se</span> <span class='ocrx_word' id='word_1_337' title='bbox 1392 2783 1583 2838; x_wconf 81' lang='lat' dir='ltr'>faceret3</span> 
     </span>
    </p>
   </div>
  </div>
 </body>
</html>
