1807 2962
481 60 758 94 APPENDIX.
788 60 907 91 ANN.
938 59 1140 92 MCXCII.
1477 51 1571 97 lxiii

158 249 293 303 xmn}
326 274 383 301 Al)
427 272 698 302 MONENDUM
742 272 911 300 CERTAS
954 272 1187 301 PE-RSONAS
1232 273 1289 300 AD
1324 274 1466 302 SATIS·

162 332 434 361 FACIENDUM
468 331 653 359 HUGONI
679 330 900 358 EPISCOPO
925 330 1226 359 DUNELMENSI
1253 332 1312 359 DE
1337 332 1468 361 INJU-

163 390 256 418 Rus
280 390 435 417 FACTIS
458 389 569 416 POST
592 388 1000 416 APPELLACIONEM.

633 466 747 508 [Cart.
764 467 840 499 111.
857 466 881 499 f.
898 466 991 507 1⁵44

109 547 349 589 Celestinus
383 544 636 599 EpiscopuS,
670 558 815 584 servus
848 559 1066 586 servorum
1089 545 1187 596 Dei,
1212 545 1444 587 venerabili
1465 545 1584 587 fratri

47 602 341 647 Londoniensi
364 601 579 657 episcopo,
619 611 662 642 et
686 601 846 643 dilecto
867 602 956 643 filio
975 602 1136 644 Abbati
1159 604 1213 644 de
1234 604 1382 661 Burgo
1402 603 1584 645 salutem

42 672 88 704 et
124 660 398 718 apostolicam
432 659 801 701 benediccionem.
875 661 947 702 Ad
981 675 1101 702 aures
1135 670 1316 710 nostras,
1354 662 1585 703 venerabili

45 720 176 761 fratre
210 727 356 760 nostro
395 717 587 771 Hugone
627 717 911 758 Dunelmensi
945 718 1146 774 episcopo
1178 718 1462 773 significante,
1490 734 1587 774 per-

45 777 176 827 venit,
211 776 326 832 quod
348 774 542 816 nonnulli
566 775 773 825 Abbates,
799 775 988 827 Priores,
1027 775 1209 832 aliaeque
1233 791 1427 832 personae
1451 778 1587 819 eccle-

47 835 227 876 siasticae
247 832 530 875 Eboracensis
551 832 796 887 provinciae,
820 842 919 889 post
940 834 1281 889 appellacionem
1298 834 1379 875 illis
1400 849 1585 889 praesen-

47 893 161 935 tibus
193 901 237 934 et
268 890 540 933 audientibus
573 891 626 931 ad
665 890 821 931 Sedem
853 891 1132 947 apostolicam
1156 891 1463 947 interpositam,
1487 901 1585 948 post

47 966 174 1007 quam
213 966 256 991 se
289 963 338 990 ac
372 963 468 989 suos
506 948 584 988 sub
616 947 850 1002 apostolica
880 949 1153 1004 proteccione
1174 958 1396 1001 statuerat,
1419 950 1463 991 in
1484 965 1586 991 con-

49 1017 257 1063 temptum
293 1006 378 1047 Dei
409 1014 452 1047 et
479 1005 688 1046 Romanae
710 1006 900 1047 ecclesiae
922 1006 1039 1048 illum
1062 1006 1344 1049 irreverenter
1366 1023 1587 1063 presump-

44 1076 193 1107 serunt
214 1062 654 1106 excommunicacioni
674 1063 895 1118 subjicere,
920 1064 1084 1120 sibique
1106 1080 1156 1106 ac
1178 1065 1264 1106 suis
1286 1065 1387 1107 alias
1409 1066 1585 1120 injurias

46 1125 263 1180 irrogare3
297 1121 395 1178 quia
425 1120 555 1176 igitur
577 1128 721 1161 tantus
743 1136 941 1162 excessus
962 1122 1139 1178 relinqui
1163 1138 1250 1164 non
1273 1123 1404 1164 debet
1426 1123 1589 1178 aliqua-

51 1195 176 1223 tenus
208 1179 457 1234 impunituS,
490 1193 544 1219 ne
572 1177 682 1219 forte
719 1179 930 1233 pandatur
961 1179 1051 1220 aliis
1072 1180 1249 1221 materia
1270 1180 1420 1222 similia
1440 1195 1587 1236 presu-

49 1238 212 1288 mendi,
237 1235 486 1278 discrecioni
507 1245 660 1277 vestrae
682 1250 758 1290 per
778 1235 1012 1291 apostolica
1024 1237 1185 1293 scripta
1201 1238 1463 1288 mandamus,
1483 1254 1589 1294 qua-

49 1297 164 1338 tinus
194 1310 266 1337 eos
288 1293 468 1335 sollicite
488 1292 709 1343 moneatis
733 1293 828 1344 iliis,
852 1294 1104 1335 auctoritate
1125 1295 1371 1350 apostolica,
1395 1305 1587 1337 cessante

45 1353 357 1415 appellacione,
410 1350 642 1392 districtius
664 1350 948 1407 injungenteS,
971 1351 1170 1407 quatinus
1192 1352 1335 1394 taliter
1356 1368 1483 1408 super
1504 1354 1585 1394 hiis

48 1420 285 1454 memorato
325 1408 538 1465 Episcopo
577 1408 850 1459 satisfaciant,
892 1417 935 1450 et
976 1410 1036 1451 ita
1071 1424 1167 1450 cum
1203 1410 1277 1452 illo
1308 1411 1586 1453 amiCabiliter

50 1470 246 1511 studeant
275 1465 520 1516 convenire,
555 1466 672 1522 quod
702 1467 814 1507 idem
842 1466 1077 1522 Episcopus
1098 1482 1223 1522 super
1243 1468 1325 1510 hoc
1346 1484 1431 1510 non
1453 1469 1588 1525 possit

51 1527 230 1582 amplius
248 1525 401 1566 merito
419 1523 627 1580 querelari
642 1539 652 1572 3
668 1524 854 1580 alioquin
869 1524 949 1566 illis
969 1525 1150 1566 firmiter
1167 1526 1429 1581 proponatis,
1453 1527 1584 1583 quod,

50 1600 128 1641 pro
151 1593 271 1626 tanta
291 1582 443 1638 injuria
466 1582 679 1636 Episcopo
702 1591 938 1624 memorato
960 1595 1004 1624 et
1027 1583 1216 1625 ecclesiae
1239 1584 1369 1635 illata,
1393 1585 1486 1626 illos
1508 1600 1585 1639 pei·

47 1641 380 1684 ecclesiasticam
422 1639 623 1681 faciemus
665 1640 939 1690 sentenciam,
979 1641 1077 1682 Deo
1114 1651 1306 1692 auctore,
1345 1643 1400 1683 ad
1441 1644 1588 1684 sedem

51 1700 330 1755 apostolicam
358 1698 568 1742 laborare,
629 1698 766 1747 Quod
796 1698 832 1738 si
862 1699 988 1739 ambo
1016 1699 1080 1739 his
1103 1699 1363 1756 exequendis
1384 1700 1588 1756 nequive-

50 1758 143 1800 ritis
180 1758 397 1806 interesse,
421 1756 530 1796 alter
561 1765 747 1796 vestrum
770 1771 820 1797 ea
851 1756 1151 1798 nichilominus
1173 1767 1424 1813 exequatur.
1468 1759 1587 1800 Data

54 1815 270 1866 Laterani,
309 1828 392 1857 vul
428 1813 632 1856 kalendas
665 1813 872 1865 ,Ianum-ii,
908 1814 1182 1870 pontificatus
1213 1815 1349 1857 nostri
1390 1831 1500 1858 anno
1523 1831 1588 1858 se-

48 1874 207 1917 cundo,

165 1944 183 1961 N

1266 1924 1283 1934 x

172 2100 294 2131 XLIV.
340 2101 620 2129 PROHIBICIO
658 2100 900 2129 CELESTINI
935 2101 1062 2129 PAPAE
1106 2101 1246 2130 FACTA
1283 2102 1469 2130 HUGONI

171 2158 388 2186 EPISCOPO
410 2158 712 2187 DUNELMENSI
736 2158 797 2185 NE
831 2160 889 2186 AD
911 2159 1103 2187 TERRAM
1127 2159 1335 2187 SANCTAM
1360 2161 1468 2187 ITER

171 2216 298 2243 SUUM
312 2217 577 2243 ARRIPERET
595 2217 714 2243 ANTE
734 2216 947 2244 REDITUM
963 2216 1106 2245 IPSIUS
1125 2218 1314 2246 RICARDI
1333 2218 1467 2245 REGIS

173 2273 360 2301 ANGLIAE
383 2274 441 2301 AD
464 2274 685 2302 PATRIAM.

626 2350 737 2391 [Cart.
754 2350 829 2382 111.
853 2348 878 2382 f.
901 2351 965 2382 153
978 2350 1028 2390 b.]

119 2426 323 2468 Clemens
363 2416 615 2481 Episcopus,
647 2441 792 2467 servus
826 2441 1043 2467 servorum
1079 2426 1183 2477 Dei,
1213 2429 1442 2470 venerabili
1470 2430 1588 2472 fratri

62 2484 257 2541 Hugoni,
280 2484 559 2524 Dunelmensi
581 2484 794 2538 episcopo,
817 2483 1012 2533 salutem,
1037 2492 1080 2524 et
1102 2485 1375 2539 apostolicam
1394 2487 1594 2531 benedic-

62 2542 243 2583 cionem.
277 2541 400 2583 Licet
421 2556 648 2596 personam
669 2550 801 2591 tuam,
826 2549 1027 2596 tanquam
1049 2541 1092 2582 in
1118 2542 1289 2584 Christo
1311 2544 1591 2598 karissimum,

61 2609 108 2640 et
128 2614 255 2655 quem
277 2599 509 2641 multorum
541 2607 734 2640 asserunt
765 2599 968 2654 preconia
997 2601 1396 2653 commendandum,
1430 2605 1595 2646 sincera

64 2657 291 2715 diligamus
314 2659 356 2697 in
380 2657 569 2698 Domino
591 2657 780 2707 caritate,
799 2665 843 2698 et
864 2671 1143 2713 quaecumque
1166 2673 1241 2713 per
1262 2668 1305 2700 te
1327 2663 1596 2704 racionabili-

66 2724 134 2756 ter
169 2715 462 2770 postulaveris,
501 2715 660 2771 exequi
695 2715 985 2757 favorabiliter
1021 2715 1308 2769 intendamus,
1352 2720 1406 2761 ad
1446 2735 1594 2776 preces
