1807 2962
250 72 376 119 lxviii
573 90 704 121 msr.
734 89 967 122 DUNELM.
997 87 1302 120 sempr-onas
1324 88 1462 120 Tsssss.

255 196 472 247 Laterani,
504 211 580 238 xv1
613 197 815 239 kalendas
851 195 1046 251 Augusti,
1079 196 1350 251 pontificatus
1381 194 1514 236 nostri
1535 209 1646 236 anno
1667 209 1791 252 quar-

257 255 486 297 todecimo.

377 502 416 528 L.
451 500 605 527 BULLA
638 498 841 526 HONORII
876 498 929 526 111
969 499 1026 525 DE
1059 499 1279 527 ECCLESHS
1317 499 1403 526 VEL
1427 499 1674 527 ORATORHS

379 559 476 586 NON
517 556 864 585 CONSTRUENDIS
902 556 1042 584 INFRA
1080 557 1266 584 LIMITES
1300 557 1674 585 PARROCHIARUM

380 615 663 644 NOSTRARUM
686 614 824 643 SALVO
849 615 1138 643 APOSTOLICAE
1162 616 1289 643 SEDIS
1311 615 1547 644 MANDATO.

874 692 983 734 [Cart.
1002 693 1031 725 1.
1048 691 1071 724 f.
1093 694 1159 737 10.]

324 772 544 813 Honorius
569 770 816 825 Episcopus,
841 785 984 811 servus
1006 785 1225 812 servorum
1244 768 1343 819 Dei,
1362 768 1524 810 dilectis
1538 768 1635 809 filiis
1655 767 1793 810 Priori

264 839 306 872 et
333 830 533 885 Capitulo
572 828 789 878 Dunelm„
825 828 1003 869 salutem
1042 838 1085 870 et
1118 827 1394 883 apostolicam
1437 826 1792 869 benedictionem.

267 889 376 930 Cum
414 904 438 929 a
471 887 592 929 nobis
625 888 785 941 petitur
806 887 920 942 quod
944 888 1106 942 justum
1129 894 1192 927 est
1214 894 1256 927 et
1285 885 1524 935 honestum,
1550 894 1637 926 tam
1674 886 1796 939 vigor

263 947 459 1004 equitatis
482 960 605 1001 quam
630 945 737 985 ordo
754 945 886 1001 exigit
904 945 1100 994 racionis,
1117 953 1163 985 ut
1178 944 1219 985 id
1237 958 1313 999 per
1327 943 1652 984 sollicitudinem
1668 943 1795 984 officii

264 1005 397 1048 nostri
436 1005 489 1045 ad
526 1004 718 1044 debitum
745 1003 1005 1056 perducatur
1031 1004 1246 1044 effectum.
1308 1001 1563 1056 Eapropter,
1587 1001 1731 1043 dilecti
1752 1002 1795 1042 in

268 1064 459 1106 Domino
481 1062 570 1111 filii,
595 1061 742 1101 vestris
767 1061 892 1116 justis
925 1062 1118 1115 precibus
1148 1069 1270 1115 grato
1292 1068 1589 1100 concurrentes
1611 1075 1793 1110 assensu,

263 1140 318 1165 ne
336 1123 428 1179 quis
450 1120 559 1161 infra
581 1120 735 1159 limites
753 1118 1069 1172 parrochiarum
1094 1129 1341 1167 vestrarum,
1366 1126 1522 1172 praeter
1544 1126 1728 1158 vestrum
1752 1127 1796 1160 et

272 1180 475 1236 Episcopi
497 1177 713 1218 diocesani
731 1191 997 1226 consensum,
1023 1176 1244 1218 ecclesiam
1266 1177 1329 1216 vel
1346 1176 1574 1217 oratorium
1599 1176 1796 1217 edificare

265 1241 319 1281 de
341 1253 453 1279 novo
474 1244 719 1291 praesumat,
744 1234 998 1275 auctori-tate
1021 1234 1253 1290 apostolica
1274 1234 1509 1275 districtius
1529 1233 1766 1275 inhibemus
1784 1250 1795 1282 3

267 1298 383 1340 salvo
407 1305 548 1337 tamen
572 1294 613 1333 in
636 1292 834 1333 omnibus
856 1293 964 1334 sedis
997 1293 1242 1349 apostolicae
1264 1292 1477 1336 mandato,
1543 1292 1660 1333 Nulli
1693 1307 1796 1346 ergo

271 1357 446 1396 omnino
478 1351 695 1393 hominum
728 1351 854 1391 liceat
884 1351 991 1392 hanc
1022 1351 1218 1406 paginam
1252 1358 1410 1391 nostrae
1442 1350 1712 1391 inhibicionis
1736 1352 1798 1390 in-

265 1415 451 1470 {ringere
483 1437 539 1443 ——-
571 1409 689 1451 Data
711 1409 928 1460 Laterani,
966 1423 1018 1451 111
1047 1409 1145 1450 Idus
1182 1409 1302 1459 Maii,
1344 1408 1624 1450 Pontificatus
1664 1408 1798 1450 nostri

272 1487 384 1513 anno
406 1470 557 1527 primo.

387 1713 446 1740 LI.
500 1711 869 1739 ARCHIEPISCOPO
901 1711 1191 1739 EBORACENSI
1233 1712 1290 1738 AD
1334 1710 1682 1738 EXAMINANDUM

394 1769 697 1798 ELECCIONEM
721 1770 1058 1796 ARCHIDIACONI
1083 1770 1419 1797 WIGORNIENSIS
1443 1769 1607 1796 ELECTI
1634 1770 1682 1796 IN

392 1827 654 1854 EPISCOPUM
711 1827 1039 1857 DUELMENSEM.
1105 1828 1201 1854 ISTA
1249 1828 1445 1854 ELECCIO
1495 1827 1684 1854 CASSATA

394 1885 501 1912 FUIT
525 1885 581 1911 ET
604 1884 833 1912 RICARDUS
856 1884 1039 1911 PAUPER
1061 1885 1368 1914 TRANSLATUS.

829 1961 938 2001 [Cart.
956 1961 1030 1993 111.
1048 1960 1071 1994 f.
1094 1963 1166 1993 156.
1184 1963 1235 2005 b.]

334 2039 556 2082 Honorius
589 2038 842 2093 Episcopus,
867 2052 1008 2079 servus
1041 2053 1257 2081 servorum
1294 2039 1392 2088 Dei,
1416 2038 1646 2080 venerabili
1681 2040 1801 2081 fratri

273 2097 610 2152 Archiepiscopo
628 2095 886 2136 Eboracensi
900 2096 1075 2137 salutem
1093 2105 1134 2137 et
1147 2097 1424 2151 apostolicam
1441 2097 1800 2139 benediccionem.

279 2154 625 2210 Significantibus
676 2153 823 2194 Priore
875 2169 923 2194 ac
972 2155 1198 2196 Conveutu
1247 2156 1553 2197 Dunelmensis
1594 2156 1799 2206 ecclesiae,

271 2215 393 2256 nobis
426 2213 625 2262 innotuit,
650 2212 780 2267 quod,
808 2212 999 2253 Ecclesia
1030 2212 1118 2266 ipsa
1149 2228 1286 2268 nuper
1317 2222 1485 2268 pastore
1506 2223 1695 2263 vacante,
1720 2214 1802 2268 ipsi

273 2275 326 2315 de
350 2270 655 2313 substitucione
678 2269 808 2310 futuri
834 2270 1032 2324 Episcopi
1056 2271 1286 2320 tractaturi,
1308 2282 1434 2325 prout
1454 2272 1580 2313 moris
1602 2280 1678 2321 est,
1702 2287 1803 2313 con-

272 2332 488 2372 venientes
525 2330 567 2368 in
604 2342 750 2377 unum,
775 2327 970 2369 invocata
993 2328 1174 2383 Spiritus
1199 2329 1342 2371 Sancti
1377 2330 1527 2383 gratia,
1551 2331 1803 2384 magistrum

278 2389 562 2430 WVillielmum
605 2386 949 2439 XVigorniensem
992 2386 1365 2443 Archidfficonmn,
1404 2403 1531 2443 quem
1571 2389 1625 2429 de
1664 2388 1802 2442 provi·-

277 2447 439 2495 dencia,
464 2446 703 2493 honestate,
728 2444 955 2494 literatura,
980 2453 1023 2485 et
1054 2459 1219 2485 morum
1250 2446 1564 2500 composicione
1586 2461 1800 2487 commen-

278 2506 394 2554 dant,
420 2502 621 2544 canonice
653 2517 700 2542 ac
734 2502 1001 2543 concorditer
1032 2502 1074 2542 in
1108 2518 1229 2544 suum
1263 2503 1521 2559 Episcopum
1553 2505 1800 2560 elegerunt;

282 2563 357 2603 sed
380 2577 473 2602 cum
499 2560 589 2609 tibi,
615 2569 817 2614 tanquam
849 2560 931 2600 loci
949 2561 1289 2613 metropolitano,
1315 2562 1565 2603 eleccionem
1590 2576 1714 2618 quam
1747 2562 1801 2602 de

276 2621 367 2673 ipso
389 2620 576 2660 fecerant
598 2626 941 2671 praesentassent,
966 2626 1009 2658 tu
1042 2618 1096 2658 ad
1118 2619 1483 2660 examinacionem
1506 2620 1633 2675 ipsius
1654 2634 1802 2674 proce-

280 2679 380 2718 dere
417 2677 620 2717 hactenus
656 2675 877 2724 distulisti;
929 2676 1042 2716 unde
1080 2676 1296 2717 humiliter
1327 2677 1541 2732 petierunt
1575 2687 1621 2719 ut
1653 2677 1801 2734 digna-

279 2750 421 2775 remur
442 2732 769 2775 misericorditer
790 2733 1014 2787 providere
1035 2748 1088 2776 ne
1106 2735 1218 2776 dicta
1235 2735 1411 2776 ecclesia
1428 2735 1499 2777 diu
1517 2745 1686 2778 maneat
1708 2749 1802 2790 pas-
