1807 2962
176 78 456 128 ccclxxxviii
493 95 628 126 HlsT.
657 94 894 126 DUNELM.
916 93 1223 128 sempronsss
1253 94 1393 129 rues.

174 202 390 251 firmitate,
415 210 458 243 et
473 202 644 257 jacente
666 203 779 257 apud
807 201 1040 259 Kepeyere,
1064 217 1089 244 a
1110 217 1194 259 qua
1224 202 1472 244 infirmitate
1493 217 1578 244 non
1605 217 1707 245 con-

175 260 320 311 valuit,
353 260 439 302 duo
470 260 606 317 sigilla
637 269 841 317 argentea
862 276 956 301 cum
990 261 1087 315 iiij⁰r
1109 262 1278 315 punctis
1310 262 1533 315 argenteis,
1557 262 1710 317 quibus

179 318 315 359 dictus
338 318 535 359 dominus
559 317 796 373 Episcopus
818 333 916 358 usus
938 318 1076 359 fuerat
1108 319 1209 359 dum
1233 318 1352 368 vixit,
1376 319 1531 360 obtulit
1554 320 1712 361 Feretro

174 375 308 416 sancti
329 376 568 425 Cuthberti,
585 384 711 430 prout
734 375 859 416 moris
874 376 1224 432 est—requisitus
1245 376 1299 417 ad
1322 376 1363 417 id
1386 377 1614 418 instancius
1636 390 1713 431 per

176 433 402 488 praefatum
439 434 789 488 circumspectum
824 435 973 483 virum,
1012 434 1234 489 praefatum
1265 434 1511 491 magistrum
1548 433 1712 475 Radul'-

175 491 322 546 phum,
347 507 395 532 ac
417 491 550 533 eciam
573 491 798 545 diligenter
819 502 1004 546 rognum,
1028 501 1075 533 ut
1096 493 1137 532 in
1162 500 1353 546 tempore
1376 491 1581 533 offertorii
1602 507 1712 547 prae-

177 548 387 590 dictorum
409 550 641 603 sigillorum
664 549 882 590 humiliter
897 559 941 590 et
962 550 1116 590 devote
1140 550 1240 591 Deo
1262 557 1304 590 et
1327 549 1588 591 sanctissimo
1610 565 1712 591 con-

176 607 325 648 fessori
348 617 389 648 et
412 619 590 661 patrono
614 607 855 648 Cuthberto
877 607 1062 663 quinque
1085 609 1215 648 Pater
1236 614 1370 649 noster
1390 622 1483 648 cum
1507 609 1713 650 Salutaciz-

175 679 250 706 one
271 666 471 718 Anyelz'ca
492 680 570 718 pro
591 664 772 720 praefato
788 665 1015 707 venerabili
1033 676 1154 720 patre
1172 665 1348 706 domino
1365 665 1560 706 Johanne
1577 679 1712 720 nuper

178 722 462 764 Dunelmensi
497 723 724 777 Episcopo,
759 731 802 764 et
833 738 910 777 pro
936 725 1087 778 seipso,
1111 723 1232 764 flexis
1254 723 1433 777 genibus
1455 723 1710 764 effunderet.

185 780 296 828 Quae
317 781 486 836 quidem
511 781 645 837 sigilla
666 780 778 821 idem
813 780 1022 835 dompnus
1056 781 1246 822 Thomas
1284 780 1505 829 Swalwell,
1539 781 1712 822 nomine

178 854 264 894 quo
295 854 435 894 supra,
469 837 684 893 praedictis
716 838 784 880 die
816 848 859 880 et
889 854 1000 880 anno
1034 839 1239 879 offerebat
1273 847 1372 879 ante
1408 838 1542 879 altare
1575 838 1717 880 sanct?

180 896 422 947 Cuthberti,
446 897 500 937 ad
522 906 649 951 caput
680 896 813 937 sancti
847 895 1074 937 Cuthberti
1106 897 1335 944 situatum3
1369 904 1410 936 et
1443 905 1592 950 postea
1622 911 1714 937 sui·-

178 955 291 995 rexit
314 963 357 996 et
379 955 431 995 ad
457 969 602 995 manus
625 954 800 1008 dompni
826 954 1005 995 Roberti
1030 952 1193 1009 Bailyai
1215 953 1372 994 adtunc
1389 953 1597 995 feretrarii
1619 953 1715 995 Du-

177 1013 304 1056 nelm.
339 1013 591 1054 deliberavit
623 1011 916 1061 custodienda,
940 1011 981 1052 in
1006 1011 1189 1066 aliquem
1218 1025 1339 1051 usum
1361 1011 1520 1052 bonum
1545 1027 1716 1053 monas-

178 1070 273 1112 terii
299 1070 500 1113 Dunelm.
526 1070 602 1110 viz.
626 1069 668 1109 in
692 1084 821 1109 unum
845 1069 1018 1110 calicem
1043 1084 1116 1110 seu
1140 1069 1243 1109 duas
1265 1068 1384 1109 fiolas
1407 1070 1714 1118 convertenda3

181 1143 322 1170 coram
346 1126 661 1182 circumspectis
693 1126 790 1167 viris
822 1127 1003 1167 dominis
1029 1126 1270 1168 Willielmo
1294 1127 1448 1168 Brown
1478 1127 1719 1182 suppriore,

181 1186 377 1227 Roberto
398 1185 559 1240 Bailyai
582 1184 816 1234 feren-ario,
840 1185 1039 1227 Johanne
1060 1185 1221 1226 Rakett
1242 1184 1395 1225 clerico
1417 1185 1614 1226 scaccarii
1637 1187 1715 1226 do-

178 1244 283 1285 mini
321 1243 623 1286 Dunelmensis
655 1242 855 1298 episcopi,
893 1243 1080 1284 Ricardo
1111 1243 1323 1298 Emryson
1356 1242 1494 1284 scriba
1526 1244 1716 1299 Registri

179 1301 342 1343 domini
367 1301 526 1343 Prioris
550 1300 752 1342 Dunelm.
777 1311 819 1342 et
840 1301 1010 1342 notario
1030 1301 1215 1356 publico,
1242 1300 1480 1341 Willielmo
1515 1301 1715 1343 Smeders

179 1360 356 1401 custode
390 1360 528 1415 gaolae
562 1359 724 1399 domini
757 1359 964 1400 Dunelm.
1000 1358 1200 1414 episcopi,
1233 1358 1420 1401 Ricardo
1446 1359 1715 1400 Batmonson

180 1420 387 1461 serviente
428 1417 594 1472 praefati
630 1417 835 1458 Johannis
873 1417 1052 1468 Rakett,
1091 1417 1134 1458 in
1171 1416 1303 1458 fidem
1343 1426 1385 1458 et
1421 1417 1714 1459 testimonium

179 1476 495 1533 praemissorum
517 1475 754 1530 specialiter
784 1475 1010 1531 requisitis.

245 1535 302 1576 Et
320 1550 396 1589 pro
418 1542 532 1575 certa
554 1543 595 1574 et
626 1533 812 1574 veridica
843 1532 1122 1575 attestacione
1159 1532 1519 1575 deliberacionum
1556 1533 1716 1588 sigillo-

181 1608 274 1634 rum
301 1593 610 1647 Episcoporum
628 1591 821 1646 primitus
835 1591 1079 1633 habitorum
1098 1591 1339 1645 hujusmodi
1358 1607 1499 1633 versus
1518 1591 1717 1647 insculpti

180 1660 277 1692 sunt
301 1650 341 1691 in
364 1651 473 1705 pede
496 1651 618 1690 unius
639 1649 807 1690 calicis*
831 1648 1059 1704 compositi
1077 1664 1131 1690 ex
1153 1648 1296 1702 sigillis
1321 1649 1495 1691 Ricardi
1513 1651 1567 1692 de
1587 1650 1718 1706 Bery,

181 1709 398 1766 quondam
420 1708 625 1750 Dunelm.
649 1707 850 1764 episcopi,
875 1709 952 1749 sub
976 1717 1125 1749 tenore.
1146 1705 1219 1762 qui
1240 1707 1443 1763 sequitur.

419 1823 508 1865 Hic
531 1823 641 1865 calix
662 1822 836 1877 insignis
860 1824 908 1865 fit
939 1822 1126 1878 praesulis
1148 1835 1202 1862 ex
1224 1828 1334 1864 tetra
1355 1823 1484 1879 signis

420 1881 489 1923 Ri.
508 1881 811 1923 Dunelmensis
834 1881 973 1937 quarti
996 1890 1095 1923 natu
1121 1878 1350 1925 Beriensis.

186 2001 368 2052 Insuper
386 1997 429 2037 in
452 2011 537 2037 una
557 1995 755 2052 ymagine
777 2004 915 2037 stante
933 2012 1061 2052 super
1077 1997 1280 2038 feretrum
1305 1997 1449 2039 Sancti
1468 1996 1714 2050 Cuthberti,

185 2064 430 2099 constructa
450 2054 505 2095 de
527 2053 671 2110 sigillis
695 2054 855 2095 domini
880 2054 1064 2096 Thomae
1092 2055 1268 2096 Hatfeld
1292 2054 1478 2111 episcopi
1512 2055 1716 2098 Dunelm.

182 2116 241 2157 sic
264 2112 361 2154 talis
381 2111 545 2152 mensio
562 2111 604 2151 in
626 2112 815 2152 versibus
832 2127 959 2166 super
975 2113 1081 2167 pede
1102 2113 1292 2168 praefatae
1309 2113 1517 2170 ymaginis
1535 2112 1720 2169 insculp-

183 2173 250 2224 tis,
274 2172 382 2212 sicut
403 2170 445 2210 in
469 2168 741 2225 sequentibus
763 2169 1059 2224 explicabitur,

419 2285 502 2326 Jon
526 2284 759 2326 Alvervilla
780 2285 1011 2326 monachus
1029 2285 1239 2340 capiendo
1261 2285 1398 2340 sigilla

423 2343 492 2383 Ex
516 2342 701 2384 Hatfeld
723 2343 907 2384 Thomae
928 2343 986 2384 sic
1007 2343 1209 2399 providit,
1231 2345 1342 2385 bene
1364 2358 1442 2399 pro
1458 2358 1540 2385 me.

195 2464 249 2536 U*
272 2459 330 2493 Ad·
350 2459 458 2492 altare
485 2458 629 2492 Thomae
661 2458 815 2499 Hatfeld,
842 2459 899 2492 sed
925 2463 1002 2503 post
1027 2470 1088 2503 per
1120 2460 1160 2492 16
1177 2470 1282 2493 annos
1299 2459 1378 2494 inde
1401 2458 1519 2494 furati.
1565 2461 1657 2493 Nota
1681 2461 1718 2493 ἱη

186 2525 199 2537 s.
212 2520 215 2523 ’
230 2517 298 2537 (22⁴0-
