<?xml version="1.0" encoding="UTF-8"?>
<!DOCTYPE html PUBLIC "-//W3C//DTD XHTML 1.0 Transitional//EN"
    "http://www.w3.org/TR/xhtml1/DTD/xhtml1-transitional.dtd">
<html xmlns="http://www.w3.org/1999/xhtml" xml:lang="en" lang="en">
 <head>
  <title>
</title>
<meta http-equiv="Content-Type" content="text/html;charset=utf-8" />
  <meta name='ocr-system' content='tesseract 3.04.00' />
  <meta name='ocr-capabilities' content='ocr_page ocr_carea ocr_par ocr_line ocrx_word'/>
</head>
<body>
  <div class='ocr_page' id='page_1' title='image "./historiaedunelme00gauf_0286.png"; bbox 0 0 1807 2962; ppageno 0'>
   <div class='ocr_carea' id='block_1_1' title="bbox 172 96 1377 148">
    <p class='ocr_par' dir='ltr' id='par_1_1' title="bbox 172 96 1377 148">
     <span class='ocr_line' id='line_1_1' title="bbox 172 96 1377 148; baseline 0.003 -4"><span class='ocrx_word' id='word_1_1' title='bbox 172 96 303 146; x_wconf 73' lang='lat' dir='ltr'>IXXVi</span> <span class='ocrx_word' id='word_1_2' title='bbox 489 114 620 147; x_wconf 79' lang='lat' dir='ltr'>HisT.</span> <span class='ocrx_word' id='word_1_3' title='bbox 644 114 877 148; x_wconf 80' lang='lat' dir='ltr'>DUNELM.</span> <span class='ocrx_word' id='word_1_4' title='bbox 906 112 1209 148; x_wconf 80' lang='lat' dir='ltr'>SCRIPTORES</span> <span class='ocrx_word' id='word_1_5' title='bbox 1240 112 1377 148; x_wconf 80' lang='lat' dir='ltr'><strong>TRES.</strong></span> 
     </span>
    </p>
   </div>
   <div class='ocr_carea' id='block_1_2' title="bbox 175 220 1706 280">
    <p class='ocr_par' dir='ltr' id='par_1_2' title="bbox 175 220 1706 280">
     <span class='ocr_line' id='line_1_2' title="bbox 175 220 1706 280; baseline 0.001 -20"><span class='ocrx_word' id='word_1_6' title='bbox 175 220 350 262; x_wconf 90' lang='lat' dir='ltr'>domino</span> <span class='ocrx_word' id='word_1_7' title='bbox 376 220 439 265; x_wconf 93' lang='lat' dir='ltr'>W.</span> <span class='ocrx_word' id='word_1_8' title='bbox 463 221 517 262; x_wconf 86' lang='lat' dir='ltr'>de</span> <span class='ocrx_word' id='word_1_9' title='bbox 542 223 711 280; x_wconf 78' lang='lat' dir='ltr'>Seleby,</span> <span class='ocrx_word' id='word_1_10' title='bbox 736 221 798 264; x_wconf 86' lang='lat' dir='ltr'>W.</span> <span class='ocrx_word' id='word_1_11' title='bbox 814 223 867 263; x_wconf 91' lang='lat' dir='ltr'>de</span> <span class='ocrx_word' id='word_1_12' title='bbox 893 223 1142 279; x_wconf 82' lang='lat' dir='ltr'>Sadbergia,</span> <span class='ocrx_word' id='word_1_13' title='bbox 1166 225 1242 266; x_wconf 80' lang='lat' dir='ltr'>VV.</span> <span class='ocrx_word' id='word_1_14' title='bbox 1268 224 1437 273; x_wconf 82' lang='lat' dir='ltr'>Carlan,</span> <span class='ocrx_word' id='word_1_15' title='bbox 1466 221 1706 277; x_wconf 82' lang='lat' dir='ltr'>Reginaldo</span> 
     </span>
    </p>
   </div>
   <div class='ocr_carea' id='block_1_3' title="bbox 175 279 1661 338">
    <p class='ocr_par' dir='ltr' id='par_1_3' title="bbox 175 279 1661 338">
     <span class='ocr_line' id='line_1_3' title="bbox 175 279 1661 338; baseline 0.001 -18"><span class='ocrx_word' id='word_1_16' title='bbox 175 280 230 320; x_wconf 85' lang='lat' dir='ltr'>de</span> <span class='ocrx_word' id='word_1_17' title='bbox 255 279 394 321; x_wconf 85' lang='lat' dir='ltr'>Ponte</span> <span class='ocrx_word' id='word_1_18' title='bbox 417 294 559 331; x_wconf 74' lang='lat' dir='ltr'>curvo,</span> <span class='ocrx_word' id='word_1_19' title='bbox 585 280 766 322; x_wconf 81' lang='lat' dir='ltr'>Nicolao</span> <span class='ocrx_word' id='word_1_20' title='bbox 787 281 942 322; x_wconf 85' lang='lat' dir='ltr'>nuncio</span> <span class='ocrx_word' id='word_1_21' title='bbox 963 281 1155 338; x_wconf 83' lang='lat' dir='ltr'><strong>magistri</strong></span> <span class='ocrx_word' id='word_1_22' title='bbox 1175 282 1292 325; x_wconf 88' lang='lat' dir='ltr'>Petri</span> <span class='ocrx_word' id='word_1_23' title='bbox 1318 282 1469 322; x_wconf 88' lang='lat' dir='ltr'>Rubur</span> <span class='ocrx_word' id='word_1_24' title='bbox 1490 290 1532 322; x_wconf 88' lang='lat' dir='ltr'>et</span> <span class='ocrx_word' id='word_1_25' title='bbox 1554 280 1661 322; x_wconf 80' lang='lat' dir='ltr'>aliis.</span> 
     </span>
    </p>
   </div>
   <div class='ocr_carea' id='block_1_4' title="bbox 282 371 1623 425">
    <p class='ocr_par' dir='ltr' id='par_1_4' title="bbox 282 371 1623 425">
     <span class='ocr_line' id='line_1_4' title="bbox 282 371 1623 425; baseline -0.001 -12"><span class='ocrx_word' id='word_1_26' title='bbox 282 371 414 414; x_wconf 80' lang='lat' dir='ltr'>small</span> <span class='ocrx_word' id='word_1_27' title='bbox 430 374 516 413; x_wconf 86' lang='lat' dir='ltr'>seal</span> <span class='ocrx_word' id='word_1_28' title='bbox 531 373 716 425; x_wconf 74' lang='lat' dir='ltr'>qureen</span> <span class='ocrx_word' id='word_1_29' title='bbox 737 385 846 421; x_wconf 72' lang='lat' dir='ltr'>wax,</span> <span class='ocrx_word' id='word_1_30' title='bbox 877 371 916 412; x_wconf 87' lang='lat' dir='ltr'><em>V</em></span> <span class='ocrx_word' id='word_1_31' title='bbox 914 374 1026 425; x_wconf 73' lang='lat' dir='ltr'>iryin</span> <span class='ocrx_word' id='word_1_32' title='bbox 1046 376 1133 415; x_wconf 77' lang='lat' dir='ltr'>and</span> <span class='ocrx_word' id='word_1_33' title='bbox 1164 375 1302 423; x_wconf 62' lang='lat' dir='ltr'>Claud,</span> <span class='ocrx_word' id='word_1_34' title='bbox 1325 374 1441 414; x_wconf 73' lang='lat' dir='ltr'>much</span> <span class='ocrx_word' id='word_1_35' title='bbox 1462 374 1623 414; x_wconf 67' lang='lat' dir='ltr'>broken·</span> 
     </span>
    </p>
   </div>
   <div class='ocr_carea' id='block_1_5' title="bbox 290 630 1588 781">
    <p class='ocr_par' dir='ltr' id='par_1_5' title="bbox 290 630 1588 781">
     <span class='ocr_line' id='line_1_5' title="bbox 291 630 1588 666; baseline -0.002 -2"><span class='ocrx_word' id='word_1_36' title='bbox 291 635 417 666; x_wconf 82' lang='lat' dir='ltr'>LVIII.</span> <span class='ocrx_word' id='word_1_37' title='bbox 453 632 632 662; x_wconf 79' lang='lat' dir='ltr'>FINALIS</span> <span class='ocrx_word' id='word_1_38' title='bbox 671 631 938 661; x_wconf 72' lang='lat' dir='ltr'><strong>CONCORDIA</strong></span> <span class='ocrx_word' id='word_1_39' title='bbox 976 630 1117 660; x_wconf 80' lang='lat' dir='ltr'><strong>INTER</strong></span> <span class='ocrx_word' id='word_1_40' title='bbox 1157 632 1370 660; x_wconf 78' lang='lat' dir='ltr'><strong>PRIOREM</strong></span> <span class='ocrx_word' id='word_1_41' title='bbox 1409 633 1588 661; x_wconf 63' lang='lat' dir='ltr'>DUNELe</span> 
     </span>
     <span class='ocr_line' id='line_1_6' title="bbox 290 691 1588 722; baseline -0.002 0"><span class='ocrx_word' id='word_1_42' title='bbox 290 694 482 722; x_wconf 86' lang='lat' dir='ltr'>MENSEM</span> <span class='ocrx_word' id='word_1_43' title='bbox 502 694 558 720; x_wconf 91' lang='lat' dir='ltr'>ET</span> <span class='ocrx_word' id='word_1_44' title='bbox 576 692 837 719; x_wconf 85' lang='lat' dir='ltr'>WALTERUM</span> <span class='ocrx_word' id='word_1_45' title='bbox 856 692 982 718; x_wconf 88' lang='lat' dir='ltr'>BETH</span> <span class='ocrx_word' id='word_1_46' title='bbox 1002 692 1059 718; x_wconf 88' lang='lat' dir='ltr'>DE</span> <span class='ocrx_word' id='word_1_47' title='bbox 1079 691 1401 719; x_wconf 74' lang='lat' dir='ltr'>ADVOCACIONE</span> <span class='ocrx_word' id='word_1_48' title='bbox 1420 692 1588 720; x_wconf 78' lang='lat' dir='ltr'>ECCLE-</span> 
     </span>
     <span class='ocr_line' id='line_1_7' title="bbox 291 749 1429 781; baseline -0.004 0"><span class='ocrx_word' id='word_1_49' title='bbox 291 753 371 781; x_wconf 77' lang='lat' dir='ltr'>81AE</span> <span class='ocrx_word' id='word_1_50' title='bbox 390 753 447 780; x_wconf 87' lang='lat' dir='ltr'>DE</span> <span class='ocrx_word' id='word_1_51' title='bbox 471 750 824 778; x_wconf 89' lang='lat' dir='ltr'>WALDENEUTON</span> <span class='ocrx_word' id='word_1_52' title='bbox 849 749 898 777; x_wconf 89' lang='lat' dir='ltr'>IN</span> <span class='ocrx_word' id='word_1_53' title='bbox 922 750 1061 778; x_wconf 85' lang='lat' dir='ltr'>CURIA</span> <span class='ocrx_word' id='word_1_54' title='bbox 1084 749 1255 777; x_wconf 87' lang='lat' dir='ltr'>DOMINI</span> <span class='ocrx_word' id='word_1_55' title='bbox 1279 749 1429 777; x_wconf 85' lang='lat' dir='ltr'>REGIS.</span> 
     </span>
    </p>
   </div>
   <div class='ocr_carea' id='block_1_6' title="bbox 456 827 1409 872">
    <p class='ocr_par' dir='ltr' id='par_1_6' title="bbox 456 827 1409 872">
     <span class='ocr_line' id='line_1_8' title="bbox 456 827 1409 872; baseline -0.002 -10"><span class='ocrx_word' id='word_1_56' title='bbox 456 828 566 871; x_wconf 86' lang='lat' dir='ltr'>[Cart.</span> <span class='ocrx_word' id='word_1_57' title='bbox 583 827 653 861; x_wconf 84' lang='grc' dir='ltr'><strong>ΙΙΙ.</strong></span> <span class='ocrx_word' id='word_1_58' title='bbox 670 827 727 861; x_wconf 87' lang='lat' dir='ltr'>fol.</span> <span class='ocrx_word' id='word_1_59' title='bbox 744 828 809 865; x_wconf 82' lang='lat'>274</span> <span class='ocrx_word' id='word_1_60' title='bbox 827 828 871 868; x_wconf 88' lang='lat' dir='ltr'>b.‚</span> <span class='ocrx_word' id='word_1_61' title='bbox 887 831 923 860; x_wconf 83' lang='lat' dir='ltr'>et</span> <span class='ocrx_word' id='word_1_62' title='bbox 939 827 1034 872; x_wconf 86' lang='lat' dir='ltr'>Orig.</span> <span class='ocrx_word' id='word_1_63' title='bbox 1053 830 1083 859; x_wconf 84' lang='lat'>2.</span> <span class='ocrx_word' id='word_1_64' title='bbox 1104 829 1133 859; x_wconf 76' lang='lat' dir='ltr'>li</span> <span class='ocrx_word' id='word_1_65' title='bbox 1150 827 1277 860; x_wconf 77' lang='lat' dir='ltr'>Pontif.</span> <span class='ocrx_word' id='word_1_66' title='bbox 1295 829 1337 860; x_wconf 81' lang='lat' dir='ltr'>F.</span> <span class='ocrx_word' id='word_1_67' title='bbox 1357 829 1409 869; x_wconf 72' lang='grc'>2.]</span> 
     </span>
    </p>
   </div>
   <div class='ocr_carea' id='block_1_7' title="bbox 165 904 1705 2828">
    <p class='ocr_par' dir='ltr' id='par_1_7' title="bbox 165 904 1705 2828">
     <span class='ocr_line' id='line_1_9' title="bbox 232 904 1701 966; baseline -0.002 -15"><span class='ocrx_word' id='word_1_68' title='bbox 232 910 361 951; x_wconf 85' lang='lat' dir='ltr'>Anno</span> <span class='ocrx_word' id='word_1_69' title='bbox 391 907 546 966; x_wconf 82' lang='lat' dir='ltr'>graciae</span> <span class='ocrx_word' id='word_1_70' title='bbox 578 905 798 947; x_wconf 83' lang='lat' dir='ltr'>millesimo</span> <span class='ocrx_word' id='word_1_71' title='bbox 829 904 1122 946; x_wconf 86' lang='lat' dir='ltr'>ducentesimo</span> <span class='ocrx_word' id='word_1_72' title='bbox 1154 905 1479 961; x_wconf 80' lang='lat' dir='ltr'>quadragesimo</span> <span class='ocrx_word' id='word_1_73' title='bbox 1505 906 1701 962; x_wconf 83' lang='lat' dir='ltr'>septimo,</span> 
     </span>
     <span class='ocr_line' id='line_1_10' title="bbox 172 963 1703 1014; baseline -0.002 -5"><span class='ocrx_word' id='word_1_74' title='bbox 172 967 215 1009; x_wconf 75' lang='grc' dir='ltr'>ἰιι</span> <span class='ocrx_word' id='word_1_75' title='bbox 239 968 348 1009; x_wconf 89' lang='lat' dir='ltr'>festo</span> <span class='ocrx_word' id='word_1_76' title='bbox 370 965 504 1007; x_wconf 82' lang='lat' dir='ltr'>sancti</span> <span class='ocrx_word' id='word_1_77' title='bbox 531 963 741 1014; x_wconf 84' lang='lat' dir='ltr'>Kenelmi‚</span> <span class='ocrx_word' id='word_1_78' title='bbox 766 964 825 1004; x_wconf 82' lang='lat' dir='ltr'>ita</span> <span class='ocrx_word' id='word_1_79' title='bbox 846 964 1045 1004; x_wconf 86' lang='lat' dir='ltr'>convenit</span> <span class='ocrx_word' id='word_1_80' title='bbox 1067 963 1179 1004; x_wconf 88' lang='lat' dir='ltr'>inter</span> <span class='ocrx_word' id='word_1_81' title='bbox 1201 964 1419 1004; x_wconf 88' lang='lat' dir='ltr'>dominum</span> <span class='ocrx_word' id='word_1_82' title='bbox 1445 964 1703 1006; x_wconf 82' lang='lat' dir='ltr'>Nicholaum</span> 
     </span>
     <span class='ocr_line' id='line_1_11' title="bbox 172 1022 1702 1078; baseline -0.002 -11"><span class='ocrx_word' id='word_1_83' title='bbox 172 1026 510 1067; x_wconf 86' lang='lat' dir='ltr'>Dunelmensem</span> <span class='ocrx_word' id='word_1_84' title='bbox 534 1022 795 1078; x_wconf 84' lang='lat' dir='ltr'>Episcopum</span> <span class='ocrx_word' id='word_1_85' title='bbox 817 1037 871 1063; x_wconf 86' lang='lat' dir='ltr'>ex</span> <span class='ocrx_word' id='word_1_86' title='bbox 897 1036 979 1062; x_wconf 87' lang='lat' dir='ltr'>una</span> <span class='ocrx_word' id='word_1_87' title='bbox 1000 1030 1133 1076; x_wconf 83' lang='lat' dir='ltr'>parte,</span> <span class='ocrx_word' id='word_1_88' title='bbox 1157 1032 1201 1062; x_wconf 88' lang='lat' dir='ltr'>et</span> <span class='ocrx_word' id='word_1_89' title='bbox 1220 1023 1490 1063; x_wconf 76' lang='lat' dir='ltr'>Rern-amum</span> <span class='ocrx_word' id='word_1_90' title='bbox 1511 1023 1702 1064; x_wconf 83' lang='lat' dir='ltr'>Priorem</span> 
     </span>
     <span class='ocr_line' id='line_1_12' title="bbox 172 1079 1705 1136; baseline -0.003 -10"><span class='ocrx_word' id='word_1_91' title='bbox 172 1093 216 1126; x_wconf 88' lang='lat' dir='ltr'>et</span> <span class='ocrx_word' id='word_1_92' title='bbox 251 1084 523 1126; x_wconf 89' lang='lat' dir='ltr'>Conventum</span> <span class='ocrx_word' id='word_1_93' title='bbox 559 1081 892 1122; x_wconf 86' lang='lat' dir='ltr'>Dunelmensem</span> <span class='ocrx_word' id='word_1_94' title='bbox 924 1094 979 1120; x_wconf 87' lang='lat' dir='ltr'>ex</span> <span class='ocrx_word' id='word_1_95' title='bbox 1007 1080 1168 1128; x_wconf 80' lang='lat' dir='ltr'>altera3</span> <span class='ocrx_word' id='word_1_96' title='bbox 1193 1079 1351 1121; x_wconf 89' lang='lat' dir='ltr'>scilicet</span> <span class='ocrx_word' id='word_1_97' title='bbox 1373 1081 1489 1136; x_wconf 92' lang='lat' dir='ltr'>quod</span> <span class='ocrx_word' id='word_1_98' title='bbox 1511 1096 1606 1122; x_wconf 88' lang='lat' dir='ltr'>cum</span> <span class='ocrx_word' id='word_1_99' title='bbox 1628 1081 1705 1123; x_wconf 88' lang='lat' dir='ltr'>ali-</span> 
     </span>
     <span class='ocr_line' id='line_1_13' title="bbox 171 1137 1702 1199; baseline -0.001 -16"><span class='ocrx_word' id='word_1_100' title='bbox 171 1143 344 1199; x_wconf 83' lang='lat' dir='ltr'>quando</span> <span class='ocrx_word' id='word_1_101' title='bbox 365 1141 568 1196; x_wconf 86' lang='lat' dir='ltr'>placitum</span> <span class='ocrx_word' id='word_1_102' title='bbox 588 1138 733 1179; x_wconf 87' lang='lat' dir='ltr'>fuisset</span> <span class='ocrx_word' id='word_1_103' title='bbox 758 1138 799 1178; x_wconf 89' lang='lat' dir='ltr'>in</span> <span class='ocrx_word' id='word_1_104' title='bbox 826 1137 956 1180; x_wconf 87' lang='lat' dir='ltr'>Curia</span> <span class='ocrx_word' id='word_1_105' title='bbox 979 1137 1155 1178; x_wconf 83' lang='lat' dir='ltr'>Domini</span> <span class='ocrx_word' id='word_1_106' title='bbox 1181 1138 1313 1194; x_wconf 82' lang='lat' dir='ltr'>Regis</span> <span class='ocrx_word' id='word_1_107' title='bbox 1335 1138 1445 1180; x_wconf 85' lang='lat' dir='ltr'>inter</span> <span class='ocrx_word' id='word_1_108' title='bbox 1467 1140 1592 1181; x_wconf 84' lang='lat' dir='ltr'>bonae</span> <span class='ocrx_word' id='word_1_109' title='bbox 1615 1155 1702 1181; x_wconf 87' lang='lat' dir='ltr'>me-</span> 
     </span>
     <span class='ocr_line' id='line_1_14' title="bbox 169 1196 1703 1251; baseline -0.003 -9"><span class='ocrx_word' id='word_1_110' title='bbox 169 1200 317 1242; x_wconf 86' lang='lat' dir='ltr'>moriae</span> <span class='ocrx_word' id='word_1_111' title='bbox 342 1198 574 1241; x_wconf 81' lang='lat' dir='ltr'>Ricardum</span> <span class='ocrx_word' id='word_1_112' title='bbox 598 1197 934 1238; x_wconf 87' lang='lat' dir='ltr'>Dunelmensem</span> <span class='ocrx_word' id='word_1_113' title='bbox 957 1196 1200 1251; x_wconf 77' lang='lat' dir='ltr'>episcopum</span> <span class='ocrx_word' id='word_1_114' title='bbox 1219 1206 1261 1237; x_wconf 88' lang='lat' dir='ltr'>et</span> <span class='ocrx_word' id='word_1_115' title='bbox 1276 1196 1489 1238; x_wconf 84' lang='lat' dir='ltr'>Thomam</span> <span class='ocrx_word' id='word_1_116' title='bbox 1510 1197 1703 1239; x_wconf 81' lang='lat' dir='ltr'>Priorem</span> 
     </span>
     <span class='ocr_line' id='line_1_15' title="bbox 171 1254 1704 1311; baseline -0.002 -11"><span class='ocrx_word' id='word_1_117' title='bbox 171 1259 511 1300; x_wconf 87' lang='lat' dir='ltr'>Dunelmensem</span> <span class='ocrx_word' id='word_1_118' title='bbox 543 1264 782 1311; x_wconf 75' lang='lat' dir='ltr'>que1·enteS‚</span> <span class='ocrx_word' id='word_1_119' title='bbox 819 1264 860 1296; x_wconf 90' lang='lat' dir='ltr'>et</span> <span class='ocrx_word' id='word_1_120' title='bbox 884 1254 1131 1295; x_wconf 73' lang='lat' dir='ltr'>Walterum</span> <span class='ocrx_word' id='word_1_121' title='bbox 1166 1255 1279 1296; x_wconf 86' lang='lat' dir='ltr'>Beth</span> <span class='ocrx_word' id='word_1_122' title='bbox 1311 1255 1625 1310; x_wconf 78' lang='lat' dir='ltr'>impedientem,</span> <span class='ocrx_word' id='word_1_123' title='bbox 1650 1256 1704 1297; x_wconf 88' lang='lat' dir='ltr'>de</span> 
     </span>
     <span class='ocr_line' id='line_1_16' title="bbox 169 1312 1702 1369; baseline -0.003 -10"><span class='ocrx_word' id='word_1_124' title='bbox 169 1316 458 1359; x_wconf 79' lang='lat' dir='ltr'>advocacione</span> <span class='ocrx_word' id='word_1_125' title='bbox 492 1313 681 1356; x_wconf 79' lang='lat' dir='ltr'>ecclesiae</span> <span class='ocrx_word' id='word_1_126' title='bbox 718 1313 771 1354; x_wconf 89' lang='lat' dir='ltr'>de</span> <span class='ocrx_word' id='word_1_127' title='bbox 808 1312 1146 1363; x_wconf 76' lang='lat' dir='ltr'>Waldeneumn,</span> <span class='ocrx_word' id='word_1_128' title='bbox 1184 1321 1226 1353; x_wconf 90' lang='lat' dir='ltr'>et</span> <span class='ocrx_word' id='word_1_129' title='bbox 1261 1314 1570 1369; x_wconf 81' lang='lat' dir='ltr'>cyrographum</span> <span class='ocrx_word' id='word_1_130' title='bbox 1601 1314 1702 1355; x_wconf 84' lang='lat' dir='ltr'>inde</span> 
     </span>
     <span class='ocr_line' id='line_1_17' title="bbox 168 1370 1701 1425; baseline -0.003 -8"><span class='ocrx_word' id='word_1_131' title='bbox 168 1376 329 1417; x_wconf 87' lang='lat' dir='ltr'>factum</span> <span class='ocrx_word' id='word_1_132' title='bbox 363 1384 471 1415; x_wconf 81' lang='lat' dir='ltr'>esset</span> <span class='ocrx_word' id='word_1_133' title='bbox 502 1374 615 1413; x_wconf 88' lang='lat' dir='ltr'>inter</span> <span class='ocrx_word' id='word_1_134' title='bbox 650 1387 723 1414; x_wconf 91' lang='lat' dir='ltr'>eos</span> <span class='ocrx_word' id='word_1_135' title='bbox 759 1371 804 1412; x_wconf 90' lang='lat' dir='ltr'>in</span> <span class='ocrx_word' id='word_1_136' title='bbox 838 1371 986 1412; x_wconf 83' lang='lat' dir='ltr'>eadem</span> <span class='ocrx_word' id='word_1_137' title='bbox 1023 1370 1140 1412; x_wconf 86' lang='lat' dir='ltr'>curia</span> <span class='ocrx_word' id='word_1_138' title='bbox 1173 1371 1291 1425; x_wconf 87' lang='lat' dir='ltr'>cujus</span> <span class='ocrx_word' id='word_1_139' title='bbox 1329 1385 1450 1412; x_wconf 81' lang='lat' dir='ltr'>tenor</span> <span class='ocrx_word' id='word_1_140' title='bbox 1490 1372 1583 1414; x_wconf 82' lang='lat' dir='ltr'>talis</span> <span class='ocrx_word' id='word_1_141' title='bbox 1625 1382 1701 1422; x_wconf 84' lang='lat' dir='ltr'>est,</span> 
     </span>
     <span class='ocr_line' id='line_1_18' title="bbox 172 1429 1701 1485; baseline -0.003 -10"><span class='ocrx_word' id='word_1_142' title='bbox 172 1435 287 1476; x_wconf 83' lang='lat' dir='ltr'>Haeo</span> <span class='ocrx_word' id='word_1_143' title='bbox 324 1442 388 1475; x_wconf 87' lang='lat' dir='ltr'>est</span> <span class='ocrx_word' id='word_1_144' title='bbox 421 1431 558 1473; x_wconf 86' lang='lat' dir='ltr'>finalis</span> <span class='ocrx_word' id='word_1_145' title='bbox 595 1429 824 1473; x_wconf 88' lang='lat' dir='ltr'>concordia</span> <span class='ocrx_word' id='word_1_146' title='bbox 859 1429 973 1470; x_wconf 84' lang='lat' dir='ltr'>facta</span> <span class='ocrx_word' id='word_1_147' title='bbox 1010 1429 1051 1469; x_wconf 88' lang='lat' dir='ltr'>in</span> <span class='ocrx_word' id='word_1_148' title='bbox 1085 1429 1216 1470; x_wconf 84' lang='lat' dir='ltr'>Curia</span> <span class='ocrx_word' id='word_1_149' title='bbox 1246 1429 1408 1470; x_wconf 84' lang='lat' dir='ltr'>domini</span> <span class='ocrx_word' id='word_1_150' title='bbox 1434 1430 1564 1484; x_wconf 86' lang='lat' dir='ltr'>Regis</span> <span class='ocrx_word' id='word_1_151' title='bbox 1588 1431 1701 1485; x_wconf 82' lang='lat' dir='ltr'>apud</span> 
     </span>
     <span class='ocr_line' id='line_1_19' title="bbox 171 1487 1702 1545; baseline -0.003 -12"><span class='ocrx_word' id='word_1_152' title='bbox 171 1490 622 1539; x_wconf 80' lang='lat' dir='ltr'>westmonasterium,</span> <span class='ocrx_word' id='word_1_153' title='bbox 660 1488 702 1529; x_wconf 86' lang='lat' dir='ltr'>in</span> <span class='ocrx_word' id='word_1_154' title='bbox 740 1487 925 1529; x_wconf 86' lang='lat' dir='ltr'>crastino</span> <span class='ocrx_word' id='word_1_155' title='bbox 963 1487 1224 1537; x_wconf 79' lang='lat' dir='ltr'>Animarum,</span> <span class='ocrx_word' id='word_1_156' title='bbox 1264 1502 1379 1528; x_wconf 87' lang='lat' dir='ltr'>anno</span> <span class='ocrx_word' id='word_1_157' title='bbox 1409 1488 1530 1545; x_wconf 83' lang='lat' dir='ltr'>regni</span> <span class='ocrx_word' id='word_1_158' title='bbox 1571 1488 1702 1543; x_wconf 82' lang='lat' dir='ltr'>Regis</span> 
     </span>
     <span class='ocr_line' id='line_1_20' title="bbox 171 1545 1702 1601; baseline -0.003 -9"><span class='ocrx_word' id='word_1_159' title='bbox 171 1550 353 1592; x_wconf 86' lang='lat' dir='ltr'>Henrici</span> <span class='ocrx_word' id='word_1_160' title='bbox 385 1549 460 1590; x_wconf 86' lang='lat' dir='ltr'>filii</span> <span class='ocrx_word' id='word_1_161' title='bbox 494 1547 625 1601; x_wconf 75' lang='lat' dir='ltr'>Regis</span> <span class='ocrx_word' id='word_1_162' title='bbox 656 1546 862 1589; x_wconf 89' lang='lat' dir='ltr'>Johannis</span> <span class='ocrx_word' id='word_1_163' title='bbox 885 1545 1096 1595; x_wconf 83' lang='lat' dir='ltr'>vicesimo,</span> <span class='ocrx_word' id='word_1_164' title='bbox 1122 1560 1264 1586; x_wconf 84' lang='lat' dir='ltr'>coram</span> <span class='ocrx_word' id='word_1_165' title='bbox 1290 1546 1459 1587; x_wconf 85' lang='lat' dir='ltr'>Thoma</span> <span class='ocrx_word' id='word_1_166' title='bbox 1479 1547 1533 1587; x_wconf 92' lang='lat' dir='ltr'>de</span> <span class='ocrx_word' id='word_1_167' title='bbox 1556 1547 1702 1588; x_wconf 82' lang='lat' dir='ltr'>Mule-</span> 
     </span>
     <span class='ocr_line' id='line_1_21' title="bbox 170 1603 1700 1661; baseline -0.003 -11"><span class='ocrx_word' id='word_1_168' title='bbox 170 1620 258 1660; x_wconf 83' lang='lat' dir='ltr'>ton,</span> <span class='ocrx_word' id='word_1_169' title='bbox 305 1608 513 1649; x_wconf 90' lang='lat' dir='ltr'>Willelmo</span> <span class='ocrx_word' id='word_1_170' title='bbox 547 1607 600 1647; x_wconf 84' lang='lat' dir='ltr'>‹le</span> <span class='ocrx_word' id='word_1_171' title='bbox 640 1604 900 1654; x_wconf 87' lang='lat' dir='ltr'>Culeworth‚</span> <span class='ocrx_word' id='word_1_172' title='bbox 938 1604 1137 1645; x_wconf 86' lang='lat' dir='ltr'>Johanne</span> <span class='ocrx_word' id='word_1_173' title='bbox 1171 1603 1224 1644; x_wconf 86' lang='lat' dir='ltr'>de</span> <span class='ocrx_word' id='word_1_174' title='bbox 1263 1603 1483 1661; x_wconf 79' lang='lat' dir='ltr'>Kyrkeby,</span> <span class='ocrx_word' id='word_1_175' title='bbox 1526 1614 1569 1646; x_wconf 88' lang='lat' dir='ltr'>et</span> <span class='ocrx_word' id='word_1_176' title='bbox 1611 1605 1700 1646; x_wconf 83' lang='lat' dir='ltr'>aliis</span> 
     </span>
     <span class='ocr_line' id='line_1_22' title="bbox 169 1662 1701 1720; baseline -0.003 -11"><span class='ocrx_word' id='word_1_177' title='bbox 169 1667 331 1708; x_wconf 89' lang='lat' dir='ltr'>domini</span> <span class='ocrx_word' id='word_1_178' title='bbox 373 1665 503 1720; x_wconf 84' lang='lat' dir='ltr'>Regis</span> <span class='ocrx_word' id='word_1_179' title='bbox 538 1664 737 1705; x_wconf 88' lang='lat' dir='ltr'>fidelibus</span> <span class='ocrx_word' id='word_1_180' title='bbox 771 1672 874 1707; x_wconf 87' lang='lat' dir='ltr'>tunc</span> <span class='ocrx_word' id='word_1_181' title='bbox 906 1662 1066 1704; x_wconf 85' lang='lat' dir='ltr'>ibidem</span> <span class='ocrx_word' id='word_1_182' title='bbox 1097 1662 1391 1716; x_wconf 72' lang='lat' dir='ltr'>praesentibus,</span> <span class='ocrx_word' id='word_1_183' title='bbox 1416 1662 1528 1704; x_wconf 88' lang='lat' dir='ltr'>inter</span> <span class='ocrx_word' id='word_1_184' title='bbox 1553 1663 1701 1705; x_wconf 85' lang='lat' dir='ltr'>Ricar-</span> 
     </span>
     <span class='ocr_line' id='line_1_23' title="bbox 170 1720 1701 1780; baseline -0.003 -13"><span class='ocrx_word' id='word_1_185' title='bbox 170 1726 273 1767; x_wconf 91' lang='lat' dir='ltr'>dum</span> <span class='ocrx_word' id='word_1_186' title='bbox 308 1725 569 1780; x_wconf 84' lang='lat' dir='ltr'>Episcopum</span> <span class='ocrx_word' id='word_1_187' title='bbox 604 1722 956 1771; x_wconf 81' lang='lat' dir='ltr'>Dunelmensem,</span> <span class='ocrx_word' id='word_1_188' title='bbox 995 1730 1037 1762; x_wconf 89' lang='lat' dir='ltr'>et</span> <span class='ocrx_word' id='word_1_189' title='bbox 1073 1720 1286 1761; x_wconf 85' lang='lat' dir='ltr'>Thomam</span> <span class='ocrx_word' id='word_1_190' title='bbox 1320 1721 1510 1762; x_wconf 84' lang='lat' dir='ltr'>Priorem</span> <span class='ocrx_word' id='word_1_191' title='bbox 1536 1722 1701 1763; x_wconf 88' lang='lat' dir='ltr'>Dunel-</span> 
     </span>
     <span class='ocr_line' id='line_1_24' title="bbox 169 1778 1701 1838; baseline -0.003 -13"><span class='ocrx_word' id='word_1_192' title='bbox 169 1799 359 1825; x_wconf 87' lang='lat' dir='ltr'>mensem</span> <span class='ocrx_word' id='word_1_193' title='bbox 387 1789 629 1838; x_wconf 86' lang='lat' dir='ltr'>querenteS,</span> <span class='ocrx_word' id='word_1_194' title='bbox 664 1789 706 1822; x_wconf 89' lang='lat' dir='ltr'>et</span> <span class='ocrx_word' id='word_1_195' title='bbox 743 1780 975 1821; x_wconf 79' lang='lat' dir='ltr'>Walterum</span> <span class='ocrx_word' id='word_1_196' title='bbox 1010 1779 1122 1820; x_wconf 88' lang='lat' dir='ltr'>Beth</span> <span class='ocrx_word' id='word_1_197' title='bbox 1152 1778 1470 1833; x_wconf 82' lang='lat' dir='ltr'>impedientem,</span> <span class='ocrx_word' id='word_1_198' title='bbox 1495 1779 1548 1821; x_wconf 90' lang='lat' dir='ltr'>de</span> <span class='ocrx_word' id='word_1_199' title='bbox 1570 1781 1701 1821; x_wconf 83' lang='lat' dir='ltr'>advo-</span> 
     </span>
     <span class='ocr_line' id='line_1_25' title="bbox 169 1837 1700 1893; baseline -0.004 -9"><span class='ocrx_word' id='word_1_200' title='bbox 169 1842 342 1884; x_wconf 84' lang='lat' dir='ltr'>cacione</span> <span class='ocrx_word' id='word_1_201' title='bbox 376 1841 564 1882; x_wconf 78' lang='lat' dir='ltr'>ecclesiae</span> <span class='ocrx_word' id='word_1_202' title='bbox 598 1839 652 1879; x_wconf 88' lang='lat' dir='ltr'>de</span> <span class='ocrx_word' id='word_1_203' title='bbox 690 1837 1014 1886; x_wconf 80' lang='lat' dir='ltr'>Waldeneuton,</span> <span class='ocrx_word' id='word_1_204' title='bbox 1048 1837 1160 1877; x_wconf 78' lang='lat' dir='ltr'>unde,</span> <span class='ocrx_word' id='word_1_205' title='bbox 1183 1838 1311 1877; x_wconf 80' lang='lat' dir='ltr'>assisa</span> <span class='ocrx_word' id='word_1_206' title='bbox 1332 1837 1493 1878; x_wconf 85' lang='lat' dir='ltr'>ultimae</span> <span class='ocrx_word' id='word_1_207' title='bbox 1515 1853 1700 1893; x_wconf 77' lang='lat' dir='ltr'>praesen-</span> 
     </span>
     <span class='ocr_line' id='line_1_26' title="bbox 168 1894 1699 1949; baseline -0.004 -7"><span class='ocrx_word' id='word_1_208' title='bbox 168 1899 344 1942; x_wconf 85' lang='lat' dir='ltr'>tacionis</span> <span class='ocrx_word' id='word_1_209' title='bbox 380 1897 640 1939; x_wconf 86' lang='lat' dir='ltr'>summonita</span> <span class='ocrx_word' id='word_1_210' title='bbox 674 1895 754 1936; x_wconf 86' lang='lat' dir='ltr'>fuit</span> <span class='ocrx_word' id='word_1_211' title='bbox 790 1910 932 1937; x_wconf 88' lang='lat' dir='ltr'>coram</span> <span class='ocrx_word' id='word_1_212' title='bbox 968 1894 1027 1935; x_wconf 86' lang='lat' dir='ltr'>eis</span> <span class='ocrx_word' id='word_1_213' title='bbox 1063 1895 1104 1934; x_wconf 90' lang='lat' dir='ltr'>in</span> <span class='ocrx_word' id='word_1_214' title='bbox 1138 1895 1318 1949; x_wconf 77' lang='lat' dir='ltr'>praefata</span> <span class='ocrx_word' id='word_1_215' title='bbox 1352 1895 1496 1945; x_wconf 85' lang='lat' dir='ltr'>Curia,</span> <span class='ocrx_word' id='word_1_216' title='bbox 1540 1896 1699 1937; x_wconf 86' lang='lat' dir='ltr'>scilicet</span> 
     </span>
     <span class='ocr_line' id='line_1_27' title="bbox 169 1952 1701 2015; baseline -0.003 -16"><span class='ocrx_word' id='word_1_217' title='bbox 169 1958 284 2015; x_wconf 90' lang='lat' dir='ltr'>quod</span> <span class='ocrx_word' id='word_1_218' title='bbox 320 1956 521 2012; x_wconf 84' lang='lat' dir='ltr'>praefatus</span> <span class='ocrx_word' id='word_1_219' title='bbox 554 1954 764 1994; x_wconf 87' lang='lat' dir='ltr'>Walterus</span> <span class='ocrx_word' id='word_1_220' title='bbox 800 1953 963 1994; x_wconf 84' lang='lat' dir='ltr'>remisit</span> <span class='ocrx_word' id='word_1_221' title='bbox 997 1960 1039 1993; x_wconf 86' lang='lat' dir='ltr'>et</span> <span class='ocrx_word' id='word_1_222' title='bbox 1066 1952 1256 2008; x_wconf 86' lang='lat' dir='ltr'>quietum</span> <span class='ocrx_word' id='word_1_223' title='bbox 1280 1952 1489 2004; x_wconf 80' lang='lat' dir='ltr'>clamavit,</span> <span class='ocrx_word' id='word_1_224' title='bbox 1514 1954 1567 1995; x_wconf 90' lang='lat' dir='ltr'>de</span> <span class='ocrx_word' id='word_1_225' title='bbox 1590 1969 1633 1994; x_wconf 87' lang='lat' dir='ltr'>se</span> <span class='ocrx_word' id='word_1_226' title='bbox 1656 1962 1701 1995; x_wconf 91' lang='lat' dir='ltr'>et</span> 
     </span>
     <span class='ocr_line' id='line_1_28' title="bbox 169 2010 1699 2066; baseline -0.003 -8"><span class='ocrx_word' id='word_1_227' title='bbox 169 2016 394 2058; x_wconf 80' lang='lat' dir='ltr'>heredibus</span> <span class='ocrx_word' id='word_1_228' title='bbox 427 2013 524 2062; x_wconf 80' lang='lat' dir='ltr'>suis,</span> <span class='ocrx_word' id='word_1_229' title='bbox 557 2011 679 2052; x_wconf 85' lang='lat' dir='ltr'>dictis</span> <span class='ocrx_word' id='word_1_230' title='bbox 713 2012 927 2066; x_wconf 80' lang='lat' dir='ltr'>Episcopo</span> <span class='ocrx_word' id='word_1_231' title='bbox 959 2018 1001 2050; x_wconf 88' lang='lat' dir='ltr'>et</span> <span class='ocrx_word' id='word_1_232' title='bbox 1036 2010 1173 2051; x_wconf 90' lang='lat' dir='ltr'>Priori</span> <span class='ocrx_word' id='word_1_233' title='bbox 1200 2019 1244 2050; x_wconf 87' lang='lat' dir='ltr'>et</span> <span class='ocrx_word' id='word_1_234' title='bbox 1266 2025 1413 2051; x_wconf 88' lang='lat' dir='ltr'>eorum</span> <span class='ocrx_word' id='word_1_235' title='bbox 1436 2011 1623 2052; x_wconf 83' lang='lat' dir='ltr'>ecclesiae</span> <span class='ocrx_word' id='word_1_236' title='bbox 1645 2012 1699 2053; x_wconf 85' lang='lat' dir='ltr'>de</span> 
     </span>
     <span class='ocr_line' id='line_1_29' title="bbox 171 2068 1700 2125; baseline -0.003 -10"><span class='ocrx_word' id='word_1_237' title='bbox 171 2074 404 2122; x_wconf 87' lang='lat' dir='ltr'>Dunelmo,</span> <span class='ocrx_word' id='word_1_238' title='bbox 437 2079 478 2112; x_wconf 86' lang='lat' dir='ltr'>et</span> <span class='ocrx_word' id='word_1_239' title='bbox 512 2084 660 2111; x_wconf 89' lang='lat' dir='ltr'>eorum</span> <span class='ocrx_word' id='word_1_240' title='bbox 688 2068 1016 2117; x_wconf 84' lang='lat' dir='ltr'>successoribus,</span> <span class='ocrx_word' id='word_1_241' title='bbox 1040 2077 1176 2109; x_wconf 86' lang='lat' dir='ltr'>totum</span> <span class='ocrx_word' id='word_1_242' title='bbox 1193 2069 1262 2122; x_wconf 91' lang='lat' dir='ltr'>jus</span> <span class='ocrx_word' id='word_1_243' title='bbox 1286 2078 1327 2109; x_wconf 89' lang='lat' dir='ltr'>et</span> <span class='ocrx_word' id='word_1_244' title='bbox 1349 2069 1559 2118; x_wconf 83' lang='lat' dir='ltr'>clamium,</span> <span class='ocrx_word' id='word_1_245' title='bbox 1583 2070 1700 2125; x_wconf 91' lang='lat' dir='ltr'>quod</span> 
     </span>
     <span class='ocr_line' id='line_1_30' title="bbox 168 2126 1700 2183; baseline -0.003 -10"><span class='ocrx_word' id='word_1_246' title='bbox 168 2131 319 2173; x_wconf 85' lang='lat' dir='ltr'>habuit</span> <span class='ocrx_word' id='word_1_247' title='bbox 354 2130 422 2171; x_wconf 85' lang='lat' dir='ltr'>vel</span> <span class='ocrx_word' id='word_1_248' title='bbox 457 2129 614 2169; x_wconf 83' lang='lat' dir='ltr'>habere</span> <span class='ocrx_word' id='word_1_249' title='bbox 646 2127 805 2183; x_wconf 89' lang='lat' dir='ltr'>potuit,</span> <span class='ocrx_word' id='word_1_250' title='bbox 844 2127 885 2167; x_wconf 90' lang='lat' dir='ltr'>in</span> <span class='ocrx_word' id='word_1_251' title='bbox 918 2126 1121 2179; x_wconf 82' lang='lat' dir='ltr'>praedicta</span> <span class='ocrx_word' id='word_1_252' title='bbox 1147 2126 1449 2177; x_wconf 80' lang='lat' dir='ltr'>advocacione‚</span> <span class='ocrx_word' id='word_1_253' title='bbox 1483 2127 1523 2167; x_wconf 90' lang='lat' dir='ltr'>in</span> <span class='ocrx_word' id='word_1_254' title='bbox 1546 2142 1700 2182; x_wconf 87' lang='lat' dir='ltr'>perpe-</span> 
     </span>
     <span class='ocr_line' id='line_1_31' title="bbox 170 2185 1698 2241; baseline -0.004 -9"><span class='ocrx_word' id='word_1_255' title='bbox 170 2200 317 2238; x_wconf 82' lang='lat' dir='ltr'>tuum3</span> <span class='ocrx_word' id='word_1_256' title='bbox 351 2197 392 2230; x_wconf 87' lang='lat' dir='ltr'>et</span> <span class='ocrx_word' id='word_1_257' title='bbox 412 2186 515 2227; x_wconf 88' lang='lat' dir='ltr'>dicti</span> <span class='ocrx_word' id='word_1_258' title='bbox 538 2186 773 2241; x_wconf 85' lang='lat' dir='ltr'>Episcopus</span> <span class='ocrx_word' id='word_1_259' title='bbox 796 2194 838 2226; x_wconf 90' lang='lat' dir='ltr'>et</span> <span class='ocrx_word' id='word_1_260' title='bbox 863 2185 985 2226; x_wconf 87' lang='lat' dir='ltr'>Prior</span> <span class='ocrx_word' id='word_1_261' title='bbox 1006 2193 1257 2239; x_wconf 83' lang='lat' dir='ltr'>receperunt</span> <span class='ocrx_word' id='word_1_262' title='bbox 1279 2185 1440 2226; x_wconf 88' lang='lat' dir='ltr'>dictum</span> <span class='ocrx_word' id='word_1_263' title='bbox 1467 2185 1698 2227; x_wconf 87' lang='lat' dir='ltr'>Walterum</span> 
     </span>
     <span class='ocr_line' id='line_1_32' title="bbox 170 2242 1697 2298; baseline -0.004 -8"><span class='ocrx_word' id='word_1_264' title='bbox 170 2258 214 2291; x_wconf 92' lang='lat' dir='ltr'>et</span> <span class='ocrx_word' id='word_1_265' title='bbox 246 2248 426 2288; x_wconf 89' lang='lat' dir='ltr'>heredes</span> <span class='ocrx_word' id='word_1_266' title='bbox 459 2260 556 2286; x_wconf 89' lang='lat' dir='ltr'>suos</span> <span class='ocrx_word' id='word_1_267' title='bbox 590 2243 632 2284; x_wconf 87' lang='lat' dir='ltr'>in</span> <span class='ocrx_word' id='word_1_268' title='bbox 669 2243 864 2284; x_wconf 90' lang='lat' dir='ltr'>omnibus</span> <span class='ocrx_word' id='word_1_269' title='bbox 895 2242 1127 2292; x_wconf 80' lang='lat' dir='ltr'>beneficiis,</span> <span class='ocrx_word' id='word_1_270' title='bbox 1160 2258 1256 2298; x_wconf 81' lang='lat' dir='ltr'>quae</span> <span class='ocrx_word' id='word_1_271' title='bbox 1288 2243 1341 2284; x_wconf 91' lang='lat' dir='ltr'>de</span> <span class='ocrx_word' id='word_1_272' title='bbox 1364 2252 1507 2284; x_wconf 85' lang='lat' dir='ltr'>cetero</span> <span class='ocrx_word' id='word_1_273' title='bbox 1529 2244 1631 2284; x_wconf 85' lang='lat' dir='ltr'>fient</span> <span class='ocrx_word' id='word_1_274' title='bbox 1653 2246 1697 2284; x_wconf 91' lang='lat' dir='ltr'>in</span> 
     </span>
     <span class='ocr_line' id='line_1_33' title="bbox 169 2300 1697 2355; baseline -0.004 -6"><span class='ocrx_word' id='word_1_275' title='bbox 169 2306 349 2349; x_wconf 84' lang='lat' dir='ltr'>ecclesia</span> <span class='ocrx_word' id='word_1_276' title='bbox 379 2318 525 2347; x_wconf 90' lang='lat' dir='ltr'>eorum</span> <span class='ocrx_word' id='word_1_277' title='bbox 557 2303 610 2343; x_wconf 89' lang='lat' dir='ltr'>de</span> <span class='ocrx_word' id='word_1_278' title='bbox 634 2302 867 2344; x_wconf 88' lang='lat' dir='ltr'>Dunelmo.</span> <span class='ocrx_word' id='word_1_279' title='bbox 931 2300 1207 2355; x_wconf 85' lang='lat' dir='ltr'>Supradictus</span> <span class='ocrx_word' id='word_1_280' title='bbox 1244 2301 1440 2342; x_wconf 88' lang='lat' dir='ltr'>dominus</span> <span class='ocrx_word' id='word_1_281' title='bbox 1465 2301 1697 2343; x_wconf 83' lang='lat' dir='ltr'>Nicholaus</span> 
     </span>
     <span class='ocr_line' id='line_1_34' title="bbox 169 2358 1698 2417; baseline -0.005 -9"><span class='ocrx_word' id='word_1_282' title='bbox 169 2362 469 2408; x_wconf 87' lang='lat' dir='ltr'>Dunelmensis</span> <span class='ocrx_word' id='word_1_283' title='bbox 505 2360 740 2417; x_wconf 89' lang='lat' dir='ltr'>Episcopus</span> <span class='ocrx_word' id='word_1_284' title='bbox 775 2368 819 2400; x_wconf 92' lang='lat' dir='ltr'>et</span> <span class='ocrx_word' id='word_1_285' title='bbox 849 2373 1109 2399; x_wconf 74' lang='lat' dir='ltr'>successores</span> <span class='ocrx_word' id='word_1_286' title='bbox 1139 2358 1201 2399; x_wconf 91' lang='lat' dir='ltr'>sui</span> <span class='ocrx_word' id='word_1_287' title='bbox 1230 2359 1282 2400; x_wconf 87' lang='lat' dir='ltr'>de</span> <span class='ocrx_word' id='word_1_288' title='bbox 1304 2368 1447 2400; x_wconf 87' lang='lat' dir='ltr'>cetero</span> <span class='ocrx_word' id='word_1_289' title='bbox 1469 2369 1698 2414; x_wconf 88' lang='lat' dir='ltr'>praesenta-</span> 
     </span>
     <span class='ocr_line' id='line_1_35' title="bbox 165 2416 1696 2472; baseline -0.004 -6"><span class='ocrx_word' id='word_1_290' title='bbox 165 2425 274 2466; x_wconf 87' lang='lat' dir='ltr'>bunt</span> <span class='ocrx_word' id='word_1_291' title='bbox 303 2423 358 2464; x_wconf 87' lang='lat' dir='ltr'>ad</span> <span class='ocrx_word' id='word_1_292' title='bbox 389 2420 570 2462; x_wconf 84' lang='lat' dir='ltr'>eandem</span> <span class='ocrx_word' id='word_1_293' title='bbox 591 2419 827 2468; x_wconf 82' lang='lat' dir='ltr'>ecclesiam,</span> <span class='ocrx_word' id='word_1_294' title='bbox 852 2432 947 2458; x_wconf 90' lang='lat' dir='ltr'>cum</span> <span class='ocrx_word' id='word_1_295' title='bbox 976 2417 1092 2457; x_wconf 88' lang='lat' dir='ltr'>illam</span> <span class='ocrx_word' id='word_1_296' title='bbox 1115 2416 1314 2471; x_wconf 84' lang='lat' dir='ltr'>deinceps</span> <span class='ocrx_word' id='word_1_297' title='bbox 1336 2433 1485 2459; x_wconf 84' lang='lat' dir='ltr'>vacare</span> <span class='ocrx_word' id='word_1_298' title='bbox 1506 2418 1696 2472; x_wconf 83' lang='lat' dir='ltr'>contige-</span> 
     </span>
     <span class='ocr_line' id='line_1_36' title="bbox 165 2475 1697 2533; baseline -0.005 -9"><span class='ocrx_word' id='word_1_299' title='bbox 165 2484 221 2524; x_wconf 85' lang='lat' dir='ltr'>rit</span> <span class='ocrx_word' id='word_1_300' title='bbox 255 2497 339 2522; x_wconf 86' lang='lat' dir='ltr'>una</span> <span class='ocrx_word' id='word_1_301' title='bbox 370 2481 474 2529; x_wconf 83' lang='lat' dir='ltr'>vice,</span> <span class='ocrx_word' id='word_1_302' title='bbox 513 2487 557 2520; x_wconf 89' lang='lat' dir='ltr'>et</span> <span class='ocrx_word' id='word_1_303' title='bbox 578 2476 744 2533; x_wconf 86' lang='lat' dir='ltr'>praefati</span> <span class='ocrx_word' id='word_1_304' title='bbox 769 2477 892 2518; x_wconf 88' lang='lat' dir='ltr'>Prior</span> <span class='ocrx_word' id='word_1_305' title='bbox 913 2484 955 2516; x_wconf 88' lang='lat' dir='ltr'>et</span> <span class='ocrx_word' id='word_1_306' title='bbox 980 2476 1225 2516; x_wconf 84' lang='lat' dir='ltr'>Conventus</span> <span class='ocrx_word' id='word_1_307' title='bbox 1246 2475 1329 2516; x_wconf 86' lang='lat' dir='ltr'>alia</span> <span class='ocrx_word' id='word_1_308' title='bbox 1350 2477 1454 2517; x_wconf 85' lang='lat' dir='ltr'>vice.</span> <span class='ocrx_word' id='word_1_309' title='bbox 1516 2477 1584 2518; x_wconf 86' lang='lat' dir='ltr'>Ita</span> <span class='ocrx_word' id='word_1_310' title='bbox 1606 2476 1697 2532; x_wconf 89' lang='lat' dir='ltr'>qui-</span> 
     </span>
     <span class='ocr_line' id='line_1_37' title="bbox 167 2533 1696 2596; baseline -0.005 -14"><span class='ocrx_word' id='word_1_311' title='bbox 167 2542 266 2582; x_wconf 90' lang='lat' dir='ltr'>dem</span> <span class='ocrx_word' id='word_1_312' title='bbox 298 2539 413 2596; x_wconf 88' lang='lat' dir='ltr'>quod</span> <span class='ocrx_word' id='word_1_313' title='bbox 446 2537 647 2593; x_wconf 87' lang='lat' dir='ltr'>quociens</span> <span class='ocrx_word' id='word_1_314' title='bbox 681 2543 820 2576; x_wconf 86' lang='lat' dir='ltr'>rector</span> <span class='ocrx_word' id='word_1_315' title='bbox 845 2534 1017 2574; x_wconf 84' lang='lat' dir='ltr'>ultimus</span> <span class='ocrx_word' id='word_1_316' title='bbox 1040 2548 1093 2574; x_wconf 85' lang='lat' dir='ltr'>ex</span> <span class='ocrx_word' id='word_1_317' title='bbox 1115 2544 1236 2587; x_wconf 85' lang='lat' dir='ltr'>parte</span> <span class='ocrx_word' id='word_1_318' title='bbox 1259 2548 1341 2574; x_wconf 85' lang='lat' dir='ltr'>una</span> <span class='ocrx_word' id='word_1_319' title='bbox 1362 2533 1490 2575; x_wconf 88' lang='lat' dir='ltr'>fuerit</span> <span class='ocrx_word' id='word_1_320' title='bbox 1511 2549 1696 2589; x_wconf 86' lang='lat' dir='ltr'>praesen-</span> 
     </span>
     <span class='ocr_line' id='line_1_38' title="bbox 168 2591 1696 2652; baseline -0.005 -12"><span class='ocrx_word' id='word_1_321' title='bbox 168 2607 296 2649; x_wconf 83' lang='lat' dir='ltr'>tatus,</span> <span class='ocrx_word' id='word_1_322' title='bbox 335 2594 614 2652; x_wconf 82' lang='lat' dir='ltr'>praesentacio</span> <span class='ocrx_word' id='word_1_323' title='bbox 650 2594 825 2634; x_wconf 88' lang='lat' dir='ltr'>rectoris</span> <span class='ocrx_word' id='word_1_324' title='bbox 861 2591 1060 2647; x_wconf 86' lang='lat' dir='ltr'>proximo</span> <span class='ocrx_word' id='word_1_325' title='bbox 1092 2591 1304 2646; x_wconf 89' lang='lat' dir='ltr'>sequentis</span> <span class='ocrx_word' id='word_1_326' title='bbox 1331 2592 1384 2632; x_wconf 88' lang='lat' dir='ltr'>ad</span> <span class='ocrx_word' id='word_1_327' title='bbox 1407 2600 1571 2646; x_wconf 85' lang='lat' dir='ltr'>partem</span> <span class='ocrx_word' id='word_1_328' title='bbox 1593 2592 1696 2633; x_wconf 84' lang='lat' dir='ltr'>alte-</span> 
     </span>
     <span class='ocr_line' id='line_1_39' title="bbox 169 2648 1696 2711; baseline -0.006 -13"><span class='ocrx_word' id='word_1_329' title='bbox 169 2672 259 2698; x_wconf 84' lang='lat' dir='ltr'>ram</span> <span class='ocrx_word' id='word_1_330' title='bbox 290 2653 533 2711; x_wconf 88' lang='lat' dir='ltr'>pertinebit.</span> <span class='ocrx_word' id='word_1_331' title='bbox 598 2652 667 2693; x_wconf 91' lang='lat' dir='ltr'>Ad</span> <span class='ocrx_word' id='word_1_332' title='bbox 690 2653 892 2707; x_wconf 85' lang='lat' dir='ltr'>majorem</span> <span class='ocrx_word' id='word_1_333' title='bbox 914 2658 1055 2690; x_wconf 83' lang='lat' dir='ltr'>autem</span> <span class='ocrx_word' id='word_1_334' title='bbox 1077 2648 1201 2704; x_wconf 88' lang='lat' dir='ltr'>hujus</span> <span class='ocrx_word' id='word_1_335' title='bbox 1222 2649 1281 2690; x_wconf 86' lang='lat' dir='ltr'>rei</span> <span class='ocrx_word' id='word_1_336' title='bbox 1304 2649 1574 2691; x_wconf 85' lang='lat' dir='ltr'>securitatem</span> <span class='ocrx_word' id='word_1_337' title='bbox 1596 2665 1696 2690; x_wconf 87' lang='lat' dir='ltr'>con-</span> 
     </span>
     <span class='ocr_line' id='line_1_40' title="bbox 170 2706 1692 2764; baseline -0.005 -9"><span class='ocrx_word' id='word_1_338' title='bbox 170 2716 279 2755; x_wconf 79' lang='lat' dir='ltr'>fecta</span> <span class='ocrx_word' id='word_1_339' title='bbox 313 2722 378 2754; x_wconf 82' lang='lat' dir='ltr'>cst</span> <span class='ocrx_word' id='word_1_340' title='bbox 410 2713 502 2753; x_wconf 82' lang='lat' dir='ltr'>haec</span> <span class='ocrx_word' id='word_1_341' title='bbox 538 2710 747 2764; x_wconf 83' lang='lat' dir='ltr'>scriptura</span> <span class='ocrx_word' id='word_1_342' title='bbox 779 2708 821 2749; x_wconf 90' lang='lat' dir='ltr'>in</span> <span class='ocrx_word' id='word_1_343' title='bbox 854 2708 1027 2749; x_wconf 86' lang='lat' dir='ltr'>modum</span> <span class='ocrx_word' id='word_1_344' title='bbox 1060 2706 1312 2763; x_wconf 85' lang='lat' dir='ltr'>cirographi,</span> <span class='ocrx_word' id='word_1_345' title='bbox 1337 2709 1454 2763; x_wconf 86' lang='lat' dir='ltr'>cujus</span> <span class='ocrx_word' id='word_1_346' title='bbox 1478 2708 1545 2748; x_wconf 85' lang='lat' dir='ltr'>uni</span> <span class='ocrx_word' id='word_1_347' title='bbox 1568 2709 1692 2762; x_wconf 81' lang='lat' dir='ltr'>parti,</span> 
     </span>
     <span class='ocr_line' id='line_1_41' title="bbox 167 2765 1694 2828; baseline -0.003 -16"><span class='ocrx_word' id='word_1_348' title='bbox 167 2787 262 2828; x_wconf 78' lang='lat' dir='ltr'>quae</span> <span class='ocrx_word' id='word_1_349' title='bbox 291 2786 418 2825; x_wconf 86' lang='lat' dir='ltr'>penes</span> <span class='ocrx_word' id='word_1_350' title='bbox 440 2769 576 2811; x_wconf 88' lang='lat' dir='ltr'>dictos</span> <span class='ocrx_word' id='word_1_351' title='bbox 601 2767 792 2809; x_wconf 82' lang='lat' dir='ltr'>Priorem</span> <span class='ocrx_word' id='word_1_352' title='bbox 814 2775 858 2808; x_wconf 89' lang='lat' dir='ltr'>et</span> <span class='ocrx_word' id='word_1_353' title='bbox 882 2768 1151 2808; x_wconf 80' lang='lat' dir='ltr'>Conventum</span> <span class='ocrx_word' id='word_1_354' title='bbox 1175 2765 1343 2815; x_wconf 82' lang='lat' dir='ltr'>residet,</span> <span class='ocrx_word' id='word_1_355' title='bbox 1368 2766 1608 2821; x_wconf 83' lang='lat' dir='ltr'>appositum</span> <span class='ocrx_word' id='word_1_356' title='bbox 1631 2774 1694 2807; x_wconf 81' lang='lat' dir='ltr'>est</span> 
     </span>
    </p>
   </div>
   <div class='ocr_carea' id='block_1_8' title="bbox 1793 0 1807 460">
    <p class='ocr_par' dir='ltr' id='par_1_8' title="bbox 1793 0 1807 460">
     <span class='ocr_line' id='line_1_42' title="bbox 1793 0 1807 460; baseline 0 2502"><span class='ocrx_word' id='word_1_357' title='bbox 1793 0 1807 460; x_wconf 95' lang='lat' dir='ltr'> </span> 
     </span>
    </p>
   </div>
  </div>
 </body>
</html>
