1807 2962
414 79 686 111 APPENDIX.
716 77 835 110 ANN.
864 76 1143 109 mcccxcw.
1415 64 1580 111 clxxiii

59 194 260 245 ecclesiae,
299 209 348 235 ac
384 193 630 236 obedientia
665 203 708 236 et
739 194 973 235 devocione
1008 201 1162 242 nostra,
1197 192 1265 233 vel
1295 206 1582 235 successorum

59 262 316 302 nostrorum,
346 251 637 294 Romanorum
659 252 908 307 pontificum
931 251 1134 293 canonice
1155 250 1418 300 intrantium,
1436 251 1583 304 persis-

59 311 181 361 tenti,
219 311 474 352 auctoritate
511 311 743 365 apostolica
778 310 1014 352 concedere
1045 308 1199 359 valeat,
1237 308 1461 349 devocioni
1497 318 1582 349 tuae

58 379 207 411 tenore
235 368 506 424 praesentium
543 364 826 425 indulgemus.
891 367 960 410 Sic
983 376 1126 408 tamen
1147 367 1264 423 quod
1285 365 1395 408 idem
1419 366 1586 408 confes-

59 442 141 476 sor,
166 427 219 468 de
255 426 347 476 hiis,
370 426 424 468 de
447 426 597 483 quibus
619 426 746 468 fuerit
772 427 896 468 alteri
916 424 1147 468 satisfactio
1168 424 1467 489 impendenda,
1492 440 1586 466 eam

60 485 136 527 tibi
170 500 250 552 per
282 494 337 535 te,
375 486 409 525 si
441 484 737 540 supervixeriS,
763 484 828 525 vel
860 499 935 539 per
962 484 1141 525 heredes
1164 492 1275 533 tuOS,
1299 482 1333 523 si
1354 491 1454 524 tunc
1475 482 1587 524 forte

59 543 286 593 transieris,
309 542 547 584 faciendam
570 543 777 597 injungat,
797 557 926 598 quam
944 552 988 583 tu
1011 542 1078 582 vel
1099 541 1159 582 illi
1181 541 1319 582 faceie
1342 540 1584 590 teneamini,

57 611 105 642 ut
126 601 366 657 praefertur.
405 601 462 642 Et
479 616 546 651 ne,
566 600 683 657 quod
699 599 819 650 absit,
842 608 1016 655 propter
1028 599 1271 655 hujusmodi
1290 598 1470 654 gratiam
1491 598 1588 640 red-

58 659 170 701 daris
206 659 433 724 proclivior
464 658 520 700 ad
551 658 698 700 illicita
713 658 1008 725 imposterum
1042 658 1362 707 committenda,
1393 656 1586 698 volumus

58 718 172 773 quod
195 717 229 757 si
251 732 304 758 ex
327 716 585 758 confidentia
619 715 875 758 remissionis
906 715 1150 771 hujusmodi
1172 716 1313 772 aliqua
1337 715 1450 756 forte
1471 729 1587 756 com-

58 775 263 824 mitteres,
287 775 430 831 quoad
452 774 537 825 illa,
577 775 783 830 praedicta
803 774 993 816 remissio
1016 774 1093 816 tibi
1114 774 1357 815 nullatenus
1380 773 1586 830 suffrage-

60 843 153 874 tur.
228 833 345 874 Nulli
368 848 471 888 ergo
493 833 667 874 omnino
688 832 908 874 hominum
930 833 1056 874 liceat
1077 833 1185 873 hanc
1206 831 1407 888 paginam
1428 840 1585 873 nostrae

60 890 338 932 concessionis
371 900 413 932 et
443 892 671 933 voluntatis
694 890 937 948 infringere,
961 891 1028 933 vel
1049 891 1088 933 ei
1110 905 1212 932 ausu
1236 890 1462 932 temerario
1484 904 1586 931 con-

60 957 99 990 t1
102 964 203 993 ane
287 949 332 989 Si
353 948 444 1004 quis
479 958 623 991 autem
643 949 725 991 hoc
746 957 1005 1005 attemptare
1034 948 1367 1004 praesumpserit,
1392 947 1584 1004 indigna-

61 1007 225 1048 cionem
248 1006 550 1061 omnipotentis
574 1008 672 1058 Dei,
696 1015 738 1049 et
759 1008 983 1049 beatorum
1009 1008 1124 1049 Petri
1146 1015 1188 1048 et
1212 1006 1349 1057 Pauli,
1373 1006 1588 1061 apostolo-

60 1080 154 1105 rum
191 1066 292 1120 ejus,
336 1080 379 1106 se
420 1065 588 1106 noverit
627 1066 909 1107 incursurum.
991 1065 1108 1107 Data
1141 1066 1306 1115 Romae,
1330 1064 1444 1119 apud
1466 1079 1587 1106 sanc-

61 1132 149 1164 tum
207 1123 398 1174 Petrum,
442 1137 486 1164 vl
534 1123 630 1166 idus
678 1123 947 1174 Novembris,
989 1124 1259 1179 pontificatus
1300 1122 1434 1165 nostri
1474 1137 1587 1164 anno

63 1188 229 1237 quarto.

179 1424 296 1452 CLIV.
334 1423 707 1451 INSTRUMENTUM
742 1423 868 1455 QUOD
906 1421 1152 1450 EPISCOPUS
1192 1421 1471 1451 HOSPITATUS

177 1482 284 1509 FUIT
318 1482 365 1509 IN
398 1481 611 1510 MANERIO
643 1482 702 1509 DE
731 1481 987 1509 PITINGTON
1011 1480 1071 1508 Ex
1093 1480 1262 1508 GRACIA
1285 1481 1340 1508 ET
1362 1482 1472 1509 PER-

174 1540 405 1571 MISSIONE.

671 1618 782 1660 [Cart.
798 1619 828 1650 1.
845 1617 870 1650 f.
887 1619 976 1662 lla]

119 1697 171 1738 In
194 1695 363 1737 nomine
382 1696 479 1746 Dei,
505 1696 643 1737 Amen
666 1718 723 1728 —
746 1696 925 1737 Constet
945 1724 1001 1729 —
1021 1695 1135 1751 quod
1158 1711 1270 1737 anno
1291 1723 1345 1730 -
1366 1694 1590 1736 millesimo

60 1754 361 1796 trecentesimo
393 1753 671 1810 nonagesimo
707 1762 860 1810 quarto
891 1781 948 1789 —-
982 1753 1135 1794 mensis
1173 1754 1281 1796 Maii
1319 1754 1387 1795 die
1424 1753 1591 1795 decima

59 1828 187 1863 nona,
211 1812 253 1853 in
275 1812 459 1869 quadam
480 1813 602 1853 bassa
623 1826 792 1853 camera
822 1811 1044 1853 reverendi
1068 1821 1109 1853 et
1131 1812 1313 1866 religiosi
1335 1812 1413 1852 viri
1430 1811 1590 1853 domini

59 1870 267 1913 Johannis
300 1871 354 1912 de
394 1869 783 1936 Hemmyngburgh
820 1869 978 1911 Piioris
1000 1869 1191 1911 ecclesiae
1217 1870 1418 1911 Dunelm.
1441 1870 1483 1910 in
1507 1869 1590 1910 mei

61 1928 215 1970 notarii
247 1957 302 1963 -—
333 1929 567 1984 praesencia
600 1927 883 1984 personaliter
913 1929 1146 1969 constituto
1172 1928 1347 1969 domino
1374 1928 1589 1978 Uthredo,

62 2002 191 2028 Saelae
212 1986 381 2052 paginae
404 1986 633 2042 professori
655 1986 865 2027 monacho
882 1986 1100 2037 Dunelm.,
1120 1986 1234 2027 idem
1249 1985 1446 2027 dominus
1466 1985 1593 2027 Prior

61 2044 278 2086 mandavit
323 2044 384 2086 ire
433 2045 488 2086 ad
537 2045 823 2086 venerabilem
869 2053 1035 2099 patrem
1082 2044 1305 2086 dominum
1358 2044 1590 2085 Walterum

63 2103 265 2144 Dunelm.
290 2102 565 2158 Episcopum,
584 2103 639 2144 ad
656 2102 882 2144 crastinum
901 2103 1123 2144 ecclesiam
1140 2103 1195 2144 de
1215 2102 1449 2156 Pitington,
1465 2117 1592 2158 quam

62 2169 212 2202 tenent
243 2160 288 2201 in
315 2160 456 2202 usibus
479 2161 562 2202 suis
586 2160 708 2202 Prior
729 2170 773 2202 et
797 2161 1045 2202 Conventus
1068 2161 1287 2210 Dunelm.,
1311 2160 1592 2210 visitaturum,

63 2227 106 2259 et
137 2219 276 2259 eidem
306 2219 417 2273 patri
438 2218 632 2260 intimare
654 2219 708 2259 de
730 2218 917 2260 manerio
939 2220 1125 2273 ipsorum
1150 2219 1309 2260 Prioris
1330 2226 1374 2259 et
1397 2218 1593 2258 Conven-

68 2285 149 2326 ωε,
185 2276 300 2331 quod
331 2276 458 2317 situm
480 2286 545 2318 est
559 2278 686 2331 juxta
706 2276 926 2317 ecclesiam
948 2277 1000 2318 de
1023 2277 1245 2330 Pitington
1267 2275 1530 2331 praedictam,
1555 2287 1599 2316 et

65 2343 112 2376 ut
142 2333 302 2375 faceret
335 2334 520 2375 constari
553 2334 632 2389 ipsi
660 2334 890 2375 venerabili
926 2333 1043 2375 Patri
1065 2334 1180 2389 quod
1202 2333 1337 2388 ipsum
1360 2333 1593 2374 manerium

64 2406 152 2433 non
193 2400 257 2433 est
297 2391 351 2432 de
392 2392 483 2433 solo
519 2392 646 2446 ipsius
688 2392 892 2442 ecclesiae,
937 2402 980 2433 et
1015 2406 1100 2432 non
1137 2392 1293 2432 debere
1332 2390 1591 2445 Episcopum

66 2450 399 2491 Dunelmensem
426 2450 597 2491 racione
618 2449 873 2491 visitacionis
894 2465 981 2490 suae
1003 2449 1160 2490 ibidem
1183 2449 1401 2504 hospitari,
1465 2448 1594 2490 Man-

65 2507 182 2549 davit
203 2507 373 2562 insuper
395 2507 532 2549 eidem
553 2507 755 2562 magistro
782 2507 981 2549 Uthredo
1004 2508 1140 2548 dictus
1163 2507 1362 2548 dominus
1387 2506 1510 2548 Prior
1531 2507 1594 2547 in-

65 2566 199 2607 vitare
231 2566 516 2607 venerabilem
539 2576 700 2620 patrem
733 2566 787 2607 ad
810 2566 1142 2621 hospitandum
1132 2580 1176 2606 ln
1198 2566 1389 2606 manerio
1410 2564 1592 2619 praefato

66 2639 144 2679 pro
178 2633 371 2679 tempore
407 2623 660 2665 visitacionis
696 2623 967 2690 hujusmodi,
991 2624 1150 2679 absque
1187 2622 1490 2664 vendicacione
1525 2623 1593 2664 vel

66 2681 342 2737 usurpacione
370 2681 467 2723 novi
492 2682 599 2736 julis
622 2682 689 2723 vel
711 2681 990 2747 possessionis
1014 2682 1053 2722 in
1076 2697 1126 2723 ea
1146 2694 1266 2736 parte
1288 2708 1344 2715 —
1369 2681 1596 2722 Praesenti-

67 2740 145 2782 bus
178 2739 367 2782 discretis
402 2740 499 2782 viris
535 2740 741 2797 magistris
776 2740 966 2783 Roberto
989 2740 1041 2784 de
1065 2740 1312 2783 Assheburn
1335 2748 1376 2782 et
1398 2739 1593 2783 Johanne
