1807 2962
441 111 717 143 APPENDix.
741 111 861 143 ANN.
890 112 1206 144 mccccxrw.
1473 103 1573 150 ccci

44 225 86 259 et
108 231 164 257 xv
186 230 303 258 acras
327 224 452 258 terroe
472 218 632 259 ibidem
653 226 695 259 et
719 217 859 259 reddit
882 233 956 274 per
977 233 1133 259 annum
1167 218 1241 274 iij⁵.
1262 235 1272 268 3
1307 227 1447 262 tamen
1481 225 1574 265 red-

44 275 145 316 dere
167 274 331 316 solebat
354 280 411 316 v⁵.
474 275 665 316 Decasus
689 275 750 330 ij⁵.

106 333 509 373 SPENNYNGMORE.
525 333 715 374 Thomas
732 333 917 375 Claxton
936 333 989 374 de
1003 333 1148 374 Veteri
1165 334 1301 374 Pareo
1316 343 1431 375 tenet
1449 351 1574 378 unam

41 389 271 444 parcellam
296 399 418 430 terrae
440 390 493 431 ad
518 391 689 431 modum
714 391 910 445 trIanguli
931 390 1100 440 ibidem,
1117 399 1159 431 et
1176 391 1316 432 reddit
1333 406 1410 446 pro
1428 393 1574 436 eadem

41 462 119 501 per
139 461 294 488 annum
317 446 377 502 ijs.
440 447 656 488 Johannes
682 449 870 499 Broune,
904 448 1122 490 Johannes
1154 448 1252 504 Joy‚
1287 458 1328 490 et
1359 449 1576 493 johannes

44 505 418 559 Cressoppjunior
449 505 502 546 de
536 505 734 546 Tudbow
767 514 972 560 ceperunt
1004 506 1058 546 ad
1091 506 1256 547 firmam
1293 506 1502 549 Yorkfeld
1533 519 1576 551 et

48 562 301 618 Welhynges
324 561 493 611 ibidem,
517 562 572 603 ad
595 563 820 603 terminum
851 578 1073 613 annorum,
1107 573 1151 605 et
1181 563 1367 605 reddunt
1397 580 1476 619 pro
1498 567 1577 608 eis-

43 619 142 661 dem
166 634 239 673 per
261 634 419 660 annum
442 621 575 674 xxvjs.
598 620 701 674 viijd.

102 678 288 719 Bnomn.
352 677 498 719 Unum
531 678 685 718 toftum
717 686 760 719 et
792 677 861 733 viij
895 692 1007 718 acrae
1038 684 1166 719 terrae
1187 693 1273 720 una
1303 693 1398 720 cum
1423 684 1475 721 v⁸.
1498 696 1575 736 pro

40 734 177 776 libero
199 734 369 776 redditu
393 733 550 776 ibidem
572 735 757 776 reddunt
779 750 854 789 per
875 750 1034 776 annum
1056 735 1164 790 xiij³.
1187 735 1280 791 iiijd.

100 792 457 836 EoMoNanEs.
531 792 643 833 Villa
664 793 718 834 de
744 793 1059 834 Edmondbires
1081 808 1177 834 cum
1199 795 1466 848 pertinenciis
1489 811 1575 838 non

39 859 241 891 oneratur
256 850 336 900 hie,
357 865 409 891 eo
425 850 539 905 quod
555 850 795 907 assignatur
811 850 866 891 ad
888 852 1195 892 incrementum
1217 851 1393 894 instauri
1415 855 1574 897 anima-

41 907 147 948 lium
171 908 285 962 apud
312 907 607 965 Mogleswike.

107 965 404 1006 WODIFELDE.
469 966 615 1007 Abbas
637 965 691 1006 de
710 965 952 1007 Albalanda
970 974 1086 1008 tenet
1109 966 1266 1008 ibidem
1287 968 1420 1010 libere
1440 984 1573 1012 unum

41 1023 197 1064 toftum
219 1032 260 1064 et
283 1024 328 1063 xl
350 1038 467 1064 acras
490 1031 628 1073 terrae,
653 1032 695 1065 et
719 1023 857 1065 reddit
879 1038 954 1078 per
975 1039 1131 1065 annum
1155 1025 1261 1080 xiijs.
1285 1026 1376 1080 iiijd.

103 1080 445 1124 MOGLESWIKE.
510 1082 661 1121 Terrae
698 1081 970 1122 dominicales
1012 1082 1066 1123 de
1106 1082 1403 1137 Mogleswike,
1447 1085 1574 1127 Cam-

41 1138 189 1188 house,
218 1138 460 1192 Edisbrigg,
490 1138 706 1189 Whithall,
730 1139 1006 1194 Helayfelde,
1032 1139 1352 1196 Horsleyhopp,
1378 1152 1419 1184 et
1443 1143 1572 1184 Was-

41 1196 289 1250 cropheved
311 1211 395 1237 non
415 1206 645 1237 onerantur
666 1197 747 1246 hic,
782 1212 834 1238 eo
856 1198 971 1252 quod
994 1197 1260 1251 assignantur
1283 1208 1328 1239 ut
1350 1214 1491 1255 supra.
1515 1202 1571 1242 ad

39 1252 288 1297 instaurnm.
329 1254 641 1308 Reparaciones
664 1255 785 1304 aulae,
805 1255 991 1309 capellae,
1011 1256 1134 1296 unius
1154 1255 1355 1311 grangiae,
1374 1266 1418 1298 et
1440 1258 1571 1299 deirae

40 1309 203 1352 ibidem
225 1321 484 1352 assessantur
506 1312 559 1353 ad
582 1313 713 1367 xxvj¹.
736 1312 842 1367 xiijs.
868 1312 957 1368 iiijd.

102 1370 269 1410 CoKEN
293 1383 348 1409 ET
374 1370 674 1411 FORDHOUSE.
720 1371 842 1411 Prior
859 1370 913 1411 de
939 1370 1128 1411 Finchall
1152 1378 1268 1412 tenet
1288 1379 1423 1412 certas
1439 1380 1569 1415 terras

39 1425 172 1468 libere
205 1428 245 1467 in
284 1426 383 1467 villa
415 1427 469 1467 de
494 1427 659 1477 Coken‚
694 1442 789 1468 cum
826 1443 911 1468 uno
949 1428 1128 1482 gardino
1157 1429 1287 1482 juxta
1322 1430 1475 1471 vadum
1512 1431 1567 1473 de

41 1483 248 1534 Finehall,
273 1493 316 1525 et
335 1484 477 1526 reddit
497 1500 572 1540 per
593 1500 749 1526 annum
772 1486 828 1541 ijs.
854 1485 877 1539 ij
887 1485 916 1525 ‘¹-
1423 1519 1428 1524 ,

98 1542 417 1583 BEAUREPAYR
452 1556 548 1583 CUM
586 1556 930 1584 PERTINENCIIS.
1017 1543 1257 1584 Manerium
1290 1544 1343 1585 de
1380 1544 1569 1588 Beaure-

37 1613 142 1655 payr
177 1610 242 1641 est
278 1599 321 1640 in
355 1614 480 1641 manu
512 1600 703 1642 Domini.
766 1601 949 1643 Stuffum
971 1601 1161 1654 ejusdem
1185 1601 1364 1642 manerii
1381 1612 1478 1644 sunt
1509 1605 1570 1659 xij

39 1657 182 1706 boves,
207 1659 253 1713 ij„
273 1657 460 1711 plaustra
491 1656 620 1712 longa
653 1673 749 1698 cum
771 1658 872 1698 rotis
896 1658 1007 1698 ferro
1029 1658 1181 1714 ligatis,
1206 1668 1249 1700 et
1274 1659 1291 1713 j
1317 1674 1567 1716 coupwayn.

42 1715 316 1756 Seminantur
348 1714 501 1755 ibidem
535 1730 564 1755 x
596 1730 705 1756 acrae
729 1730 824 1756 cum
848 1730 994 1756 avena.
1061 1716 1327 1773 Herbagium
1351 1720 1467 1772 parci
1490 1719 1568 1760 ibi-

40 1771 137 1812 dem
160 1772 363 1813 dividitur
384 1773 494 1812 inter
518 1773 763 1814 Bursarium
799 1782 843 1813 et
875 1772 1184 1827 supervisorem
1217 1775 1371 1829 equicii
1407 1777 1568 1818 domini

41 1829 214 1874 Prioris.
281 1830 521 1871 Instaurum
552 1830 794 1871 animalium
818 1830 1125 1880 pertinencium
1147 1832 1200 1872 ad
1224 1832 1467 1874 Bursarium
1491 1833 1569 1875 ibi-

39 1886 137 1928 dem
168 1888 469 1943 specificantur
497 1903 638 1943 supra,
672 1888 769 1928 stilo
804 1890 1005 1941 Coquz'na.
1069 1888 1279 1930 Instarum
1313 1890 1467 1946 equicii
1489 1891 1567 1933 ibi-

40 1945 153 1986 dem.
220 1945 271 1986 In
303 1945 446 1999 primis
478 1945 569 2001 iiijor
600 1961 723 2002 equae
755 1946 1021 1987 ambulantes
1053 1954 1095 1986 et
1127 1945 1219 2000 iiij⁰r
1252 1955 1492 1999 trottantes,
1525 1951 1564 2006 vj

38 2002 200 2057 pullarii
221 2003 408 2059 quinque
423 2017 642 2044 annorum.
706 2004 831 2053 Item,
847 2003 1034 2059 quinque
1054 2003 1157 2057 pulli
1179 2005 1361 2055 annales,
1385 2021 1566 2062 quorum

40 2059 127 2100 duo
149 2060 323 2101 masculi
344 2070 387 2102 et
408 2060 450 2115 iij
476 2060 670 2105 femellae.
718 2060 956 2116 Reparacio
975 2061 1148 2101 manerii
1171 2061 1342 2112 ibidem,
1365 2078 1461 2104 cum
1483 2065 1567 2105 suis

39 2118 324 2171 pertinenciiS‚
359 2128 586 2160 assessatur
618 2128 662 2160 at
697 2123 750 2163 cs.
833 2118 1070 2173 Reparacio
1101 2119 1252 2161 domus
1283 2120 1565 2164 habitacionis

38 2176 152 2228 apud
188 2176 227 2217 le
263 2177 472 2231 Stotyate,
495 2191 592 2217 cum
626 2176 718 2218 aliis
740 2177 935 2218 domibus
958 2175 1129 2226 ibidem,
1149 2186 1379 2219 assessatur
1400 2179 1455 2220 ad
1475 2179 1564 2235 liijs.

38 2232 131 2286 iiijd.
198 2233 437 2288 Reparacio
461 2234 581 2274 unius
604 2236 808 2275 vaccariae
824 2235 952 2288 juxta
972 2233 1011 2274 le
1034 2234 1132 2287 loge
1149 2244 1377 2276 assessatur
1398 2237 1450 2276 ad
1474 2237 1566 2292 liijs.

38 2289 131 2344 iiijd.
218 2291 329 2332 Item
370 2291 588 2346 reparacio
628 2291 682 2332 de
719 2292 758 2333 le
799 2292 1028 2346 deyhouse,
1062 2305 1157 2331 cum
1188 2292 1472 2347 pertinenciis,
1502 2309 1568 2335 as-

39 2359 222 2389 sessatur
257 2348 309 2389 ad
344 2349 420 2389 xls.
544 2349 721 2391 Summa
753 2350 894 2390 totalis
925 2347 1210 2402 reparacionis
1232 2350 1450 2404 praedictae
1471 2352 1560 2406 xij¹.

39 2406 110 2461 ij.
136 2405 239 2460 viijd.

100 2464 426 2506 ALDYNGRIGE.
489 2463 731 2505 Manerium
754 2462 924 2512 ibidem,
947 2463 1294 2518 Almenerhalgh,
1311 2472 1354 2506 et
1375 2480 1495 2507 mora
1510 2466 1564 2508 de

44 2520 333 2577 Beaurepayr,
367 2530 464 2562 sunt
501 2522 544 2562 in
579 2537 704 2563 manu
739 2520 937 2570 Bursarii,
973 2530 1145 2575 propter
1175 2522 1375 2564 animalia
1405 2523 1563 2566 ibidem

39 2578 321 2633 depascenda.
390 2579 573 2620 Stuffum
606 2580 762 2621 ibidem
794 2589 892 2620 sunt
922 2578 990 2633 viij
1014 2579 1158 2629 boves,
1174 2582 1192 2634 j
1217 2580 1449 2634 plaustrum
1471 2582 1563 2622 lon-

38 2650 139 2689 gum
161 2652 256 2678 cum
279 2637 380 2679 rotis
401 2637 514 2678 ferro
537 2637 687 2692 ligatis.
755 2636 992 2691 Reparacio
1013 2636 1164 2678 domus
1186 2637 1464 2680 habitacionis
1487 2639 1565 2681 ibi-

40 2694 148 2745 dem,
172 2710 277 2737 rcum
313 2694 596 2751 pertinenciiS,
637 2704 723 2737 tam
756 2695 799 2738 in
831 2694 973 2745 muris,
999 2695 1215 2748 memmio,
1240 2711 1365 2753 quam
1399 2707 1565 2740 tectura
