1807 2962
187 61 317 108 cxciv:
497 77 642 110 ΗΙδΤῴμ
661 76 902 110 DUNELM'.
929 78 1233 111 SCRIPTORES
1260 78 1398 110 ΤΚΕΒ.

295 385 496 423 ‘CvauL
570 391 830 419 MANDATUM
900 391 1144 419 cUS'r'oDrJM
1208 387 1601 421 SPIRITUALITATBS

310 450 636 477 DUNELMENSIS
690 450 907 482 UTRAQUE
958 450 1069 477 SEDE
1111 450 1317 477 VACANTE
1361 450 1602 477 DIRECTUM

312 508 580 535 CAPELLANO
623 508 867 536 PAROCHIAE
910 507 1110 536 CESTRIAE
1143 508 1200 534 AD
1225 507 1604 535 DENUNCIANDUM

314 566 467 594 OMNES
500 566 780 594 SORTILEGOS
804 566 859 592 ET
881 565 1152 593 TRAHENTES
1187 566 1349 593 CAUSAS
1372 565 1605 593 SPIRITUA-

312 624 392 651 LES
415 624 657 652 AD'FORUM
680 624 916 652 SECULARE
942 623 1383 660 EXCOMMUNICATOS,
1406 609 1491 652 &Cv

490 717 605 761 [Cart.
622 718 697 750 ΙΙΙ.
717 717 775 750 fol.
795 719 860 749 150
874 721 921 751 et·
937 718 1031 760 Orig.
1053 718 1082 749 1.
1101 718 1151 749 12.
1169 716 1298 750 Pontif.
1315 716 1359 749 G.
1383 715 1426 756 l.]

254 779 472 821 Robertus
508 780 561 820 de
606 779 760 835 Rypon
805 794 936 821 sacrae
976 777 1230 834 Theologiae
1266 777 1490 833 professor,
1524 778 1721 833 supprior

195 838 382 879 ecclesiae
421 837 689 879 Cathedralis
721 836 1040 886 Dunelmensis,
1064 852 1114 877 ac
1144 836 1359 877 Johannes
1391 836 1552 877 Barton
1584 851 1725 877 came-

194 896 341 946 rarius,
385 895 498 937 Sede
535 894 775 950 Episcopali
811 894 1097 936 Dunelmensi
1132 903 1323 942 vacante,
1362 893 1558 934 custodes
1585 903 1628 934 et
1649 893 1724 934 ad-

193 952 501 994 ministratores
519 953 561 993 in
583 952 880 1007 spiritualibus,
899 953 1072 993 domino
1093 952 1275 992 Thomae
1292 950 1511 1005 capellano
1529 950 1723 992 ecelesiae

195 1011 433 1065 collegiatae
456 1010 633 1052 Cestriae
668 1011 711 1051 in
750 1010 905 1060 Strata,
935 1010 1078 1063 ejusve
1108 1009 1250 1049 locum
1273 1007 1436 1049 tenenti
1458 1008 1722 1065 cuicumque,

194 1069 374 1110 salutem
410 1069 452 1109 in
487 1078 658 1109 auctore
697 1068 857 1110 salutis,
924 1068 1033 1108 Cum
1057 1082 1154 1107 usus
1187 1075 1229 1108 et
1251 1066 1497 1107 exercitium
1521 1067 1724 1121 sortilegii

198 1138 243 1166 et
283 1129 382 1168 artis
416 1127 591 1180 magicae
628 1126 682 1167 de
709 1126 807 1180 jure
830 1124 939 1166 civili
962 1134 1004 1166 et
1040 1124 1244 1166 canonico
1278 1139 1327 1165 ac
1359 1123 1501 1165 divino
1523 1124 1725 1179 prohibiti

195 1184 276 1226 sint
299 1184 484 1233 omnino,
504 1198 713 1239 poenaque
732 1182 974 1238 hujusmodi
991 1182 1316 1239 sortilegiorum,
1336 1191 1380 1223 et
1400 1181 1567 1223 illorum
1590 1182 1725 1224 eciam

194 1242 265 1297 qui
299 1242 353 1282 ad
395 1241 636 1296 hujusmodi
671 1241 893 1298 sortilegos
916 1248 962 1282 et
989 1255 1139 1295 magos*
1167 1249 1385 1281 recurrunt
1418 1249 1462 1281 et
1483 1255 1555 1281 eos
1577 1240 1621 1281 in
1643 1240 1724 1282 hoc

194 1299 436 1349 consulunt,
462 1315 486 1340 a
511 1300 608 1354 jure
644 1299 756 1340 civili
788 1308 974 1348 statuta3
1005 1299 1116 1339 inter
1146 1307 1321 1339 caeteras
1353 1313 1498 1353 poenas
1531 1298 1724 1339 ultimum

192 1358 330 1399 ultore
352 1357 495 1412 gladio
530 1357 796 1422 supplicium,
833 1365 880 1398 ut
917 1365 1004 1398 tam
1040 1365 1207 1398 utentes
1241 1371 1365 1412 quam
1399 1365 1662 1397 recurientes
1683 1366 1726 1398 et

193 1416 458 1457 consulentes
510 1414 754 1470 hujusmodi
786 1414 942 1456 inimici
978 1414 1153 1455 humani
1184 1414 1352 1475 generis
1388 1414 1470 1454 sint
1504 1414 1723 1464 credend-i,

193 1474 516 1530 efficiantnrque
549 1473 739 1523 infames,
776 1487 986 1529 poenaque
1008 1473 1062 1513 de
1092 1472 1191 1527 jure
1214 1472 1420 1513 canonico
1441 1480 1597 1526 pr·aete1
1618 1487 1724 1512 non-

194 1532 329 1573 nullas
351 1533 453 1573 alias
475 1546 621 1586 poenas
637 1531 706 1572 hic
724 1530 963 1585 specialiter
985 1546 1072 1572 non
1093 1545 1312 1585 expressas
1334 1530 1586 1595 imponatur,
1610 1530 1725 1586 quod

172 1598 173 1601 ’
196 1591 228 1631 si
253 1590 498 1646 hujusmodi
534 1599 702 1631 utentes
737 1589 1022 1639 consulentes,
1047 1588 1133 1630 sive
1165 1596 1383 1629 currentes
1405 1587 1487 1628 sint
1509 1587 1650 1629 clerici
1671 1588 1725 1629 ab

194 1648 333 1689 officio
365 1657 406 1690 et
427 1648 639 1689 beneficio
661 1655 758 1688 sunt
779 1646 986 1702 privandi.
1053 1647 1120 1688 Ita
1136 1646 1252 1712 quod
1273 1646 1359 1687 sive
1381 1645 1463 1686 sint
1486 1645 1727 1688 clericisive

193 1706 300 1756 laici,
343 1708 376 1747 si
418 1706 575 1748 factum
619 1720 766 1747 eorum
809 1706 863 1746 sit
903 1705 1134 1755 notorium,
1177 1705 1276 1758 ipsis
1324 1704 1619 1760 denegandum
1661 1714 1727 1745 est

196 1764 433 1806 eucaristiae
470 1773 793 1813 saciamentum,
833 1772 919 1804 tam
950 1763 1106 1804 faciens
1143 1777 1270 1818 quam
1308 1762 1362 1803 ad
1392 1762 1473 1802 hoc
1504 1775 1725 1803 recurrens

195 1824 283 1863 sive
320 1821 543 1863 consulens
580 1821 815 1862 efficiantur
851 1821 1053 1869 infame53
1084 1820 1180 1861 laici
1216 1819 1348 1861 eciam
1383 1828 1467 1861 tam
1502 1819 1726 1875 viriquam

196 1879 392 1921 mulieres
434 1878 676 1933 hujusmodi
714 1887 879 1920 utentes
916 1878 1186 1919 consulentes
1219 1887 1292 1918 aut
1315 1885 1577 1918 recurrentes
1599 1877 1727 1918 aloci

199 1937 428 1979 Ordinario
456 1945 631 1991 possunt
663 1936 872 1977 tonsurari
892 1935 934 1976 in
958 1937 1096 1990 capite
1128 1935 1487 1991 quemadmodum
1516 1934 1647 1985 stulti,
1682 1943 1727 1976 et

196 1995 327 2035 eciam
350 1993 572 2043 decalvari,
597 2008 829 2049 eorumque
862 1993 1000 2047 capilli
1032 2000 1076 2034 et
1103 2003 1237 2034 vestes
1259 2001 1357 2034 ante
1379 2001 1422 2033 et
1443 2003 1558 2033 retro
1579 1992 1725 2036 incidi.

195 2053 388 2106 Insuper,
412 2052 465 2093 de
489 2052 795 2092 consuetudine
817 2051 1004 2105 generali
1024 2050 1217 2105 Anglicae
1240 2050 1445 2092 Ecclesiae
1468 2050 1724 2101 introducta,

196 2125 342 2151 omnes
364 2110 588 2164 sortilegos
625 2118 789 2151 utentes
827 2118 868 2150 et
902 2124 953 2150 ea
988 2118 1238 2149 exercentes
1259 2123 1307 2149 ac
1329 2109 1388 2149 eis
1410 2108 1632 2149 credentes
1654 2123 1726 2149 ex-

195 2168 577 2218 communicantur,
622 2176 663 2208 et
699 2165 1052 2208 excommunicati
1093 2175 1157 2207 ter
1193 2175 1236 2207 et
1277 2165 1511 2206 solenniter
1550 2165 1724 2222 singulis

197 2226 314 2268 annis
336 2225 635 2281 publicantur·
626 2256 635 2273 ,
668 2226 733 2266 Ac
767 2226 900 2266 eciam
937 2225 1193 2280 quicumque
1226 2223 1389 2280 aliquos
1423 2223 1478 2264 ad
1497 2223 1634 2264 forum
1658 2239 1726 2265 ec-

196 2284 473 2326 clesiasticum
491 2291 769 2334 recurrentes,
789 2292 862 2324 aut
883 2297 1008 2337 agele
1031 2283 1233 2332 volentes,
1253 2297 1378 2337 super
1398 2280 1532 2323 causis
1553 2296 1649 2337 quae
1671 2282 1727 2323 ad

199 2342 309 2384 idem
331 2342 468 2384 forum
491 2342 544 2383 de
572 2341 670 2396 jure
703 2342 769 2382 vel
801 2340 974 2397 antiqua
1004 2340 1310 2382 consuetudine
1341 2339 1551 2394 pertinere
1583 2339 1727 2380 dinos-

200 2410 366 2449 cuntur,
405 2401 458 2441 ad
491 2399 792 2450 desistendum,
827 2399 894 2440 vel
930 2399 972 2439 in
1004 2398 1098 2440 foro
1129 2398 1304 2439 seculari
1333 2399 1386 2439 de
1420 2396 1725 2453 quaestionibus

200 2458 412 2514 limandis
436 2457 569 2501 modis
602 2457 936 2513 quibuscumque
970 2456 1244 2512 compellunt,
1282 2455 1532 2510 compellive
1567 2454 1723 2496 faciant

198 2495 291 2557 velo
302 2524 544 2572 procur,ant
578 2515 734 2557 aliosve
767 2515 1019 2570 impediunt,
1043 2523 1115 2556 aut
1151 2528 1226 2569 per
1256 2529 1299 2556 se
1329 2514 1551 2570 quominus
1583 2527 1726 2553 coram

192 2575 406 2629 judicibus
441 2573 598 2615 ecclesl
591 2575 729 2614 lst1C1S
766 2582 894 2629 plout
930 2573 1062 2614 libere
1088 2573 1302 2626 justiciam
1337 2571 1544 2626 optinere,
1575 2579 1647 2611 aut
1670 2570 1726 2611 ad

200 2632 403 2687 plaedicta
442 2631 636 2673 facienda
676 2631 873 2672 dederint
912 2631 1131 2672 consilium
1173 2629 1376 2671 auxilium
1429 2629 1496 2669 vel
1536 2628 1725 2669 favorem

199 2690 366 2743 maious
407 2688 864 2730 excommunicacionis
906 2688 1158 2729 sententiam
1211 2703 1236 2728 a
1267 2686 1588 2728 constitucione
1628 2700 1724 2741 quae

199 2747 345 2803 incipit
383 2747 626 2797 ‘Quoniam
647 2745 955 2790 intelleximus
989 2762 1013 2791 a
1038 2749 1172 2791 Sexto
1209 2746 1338 2790 lat-tun
1376 2744 1594 2788 incurrunt
1630 2759 1725 2800 ipse
