1807 2962
214 120 277 168 9⁴2
502 131 634 164 HIST.
674 130 909 162 DUNELM.
951 128 1255 162 SCRIPTORES
1295 129 1433 161 TRES.

328 463 424 491 CAP.
462 461 606 491 XXXII.
655 460 712 488 DE
749 459 1005 488 ELECTIONE
1041 459 1098 487 ΕΤ
1135 459 1514 488 CONSECRATIONE
1550 460 1617 496 le

413 520 550 548 CARDI
574 519 631 546 DE
657 518 849 546 KELLOW
873 518 928 545 ET
952 518 1105 546 FACTIS
1128 518 1276 545 MEDIO
1295 518 1529 548 TEMPORE.

715 612 811 654 [MS.
828 613 909 657 Cap.
931 623 1041 646 CLXV.
1066 611 1125 645 fol.
1140 613 1234 655 2072]

272 708 450 750 Mortuo
467 708 525 749 sic
544 706 749 758 Antonio,
764 706 897 748 tercio
911 707 980 748 die
1002 706 1167 757 Marcii,
1183 706 1299 761 apud
1319 705 1504 756 Eltham,
1521 705 1733 762 petitaque

210 767 384 808 licentia
409 771 472 819 [et
494 770 693 821 optenta]
712 780 740 807 a
763 765 898 819 Rege,
922 774 1022 807 tunc
1043 764 1157 820 apud
1183 764 1392 819 Berewyk
1417 770 1563 818 [super
1585 764 1732 817 Tued]

211 825 436 875 existente,
456 838 517 865 xx
531 823 599 865 die
615 823 778 873 Martii,
794 823 981 878 ejusdem
1000 822 1154 864 mensis
1173 821 1241 864 die
1254 821 1417 872 ultima,
1439 822 1552 878 [die]
1575 821 1734 863 scilicet

213 882 419 924 Mercurii
447 882 641 937 proxime
657 890 755 935 post
767 880 920 922 festum
942 879 1288 921 Annuntiationis
1306 879 1557 929 Dominicae,
1577 888 1619 921 et
1635 888 1733 923 ante

211 940 480 982 Dominicam
502 941 546 980 in
572 938 717 980 Ramis
737 939 979 981 Palmarum
992 937 1196 993 proxima,
1219 952 1295 993 per
1316 937 1731 992 compromissionem

210 1000 368 1041 electus
399 1006 463 1040 est
496 997 706 1038 Ricardus
735 997 789 1038 de
813 996 993 1047 Kellow,
1016 996 1246 1037 monachus
1267 996 1459 1051 ejusdem
1480 995 1646 1045 domus,
1670 995 1734 1035 vir

213 1057 360 1113 utique
390 1055 646 1098 sufficienter
676 1055 881 1104 literatus,
914 1053 1106 1096 moribus
1138 1062 1180 1109 et
1210 1053 1295 1095 vita
1316 1053 1483 1110 dignus,
1507 1054 1624 1108 cujus
1647 1054 1735 1095 elo-

210 1114 385 1171 quentia
416 1114 575 1169 species
604 1121 646 1154 et
668 1120 829 1154 statura
850 1112 978 1166 digna
998 1120 1120 1152 erant
1140 1111 1335 1166 imperio.
1397 1111 1617 1153 Admissus
1635 1126 1734 1152 vero

211 1182 275 1214 est
311 1173 422 1214 idem
441 1172 597 1213 electus
631 1187 657 1213 a
691 1171 812 1224 Rege
832 1170 948 1225 apud
973 1169 1194 1225 Berewyk,
1216 1169 1443 1210 undecimo
1465 1170 1534 1211 die
1557 1169 1732 1225 Aprilis,

211 1231 306 1286 ipso
346 1229 504 1271 scilicet
542 1228 612 1270 die
655 1228 832 1269 Pasehae
873 1227 1116 1269 immediate
1152 1238 1367 1283 sequente.
1443 1228 1735 1270 Praesentatur

208 1289 368 1330 electus
395 1296 438 1329 et
464 1286 615 1328 electio
638 1286 975 1342 Archiepiscopo
1002 1286 1260 1327 Eboracensi
1289 1286 1404 1342 apud
1427 1285 1601 1326 Novum
1626 1286 1734 1327 Bur-

208 1361 313 1404 gum
346 1346 414 1388 die
455 1344 610 1400 Aprilis
643 1343 811 1385 decimo
844 1359 971 1385 nono.
1034 1343 1347 1385 Examinantur
1373 1344 1489 1400 apud
1513 1344 1734 1386 Hextildi-

209 1405 327 1446 sham
350 1405 403 1445 ab
425 1403 578 1445 eodem
601 1402 936 1458 Archiepiscopo
957 1412 1109 1458 quarto
1130 1402 1199 1443 die.
1220 1401 1372 1443 mensis
1397 1401 1518 1444 Maii.
1584 1402 1732 1444 Citan-

209 1473 280 1504 tur
315 1476 462 1503 omnes
494 1459 693 1502 electioni
729 1460 798 1501 vel
833 1460 969 1501 electo
1002 1459 1185 1515 objicere
1221 1460 1427 1510 volentes,
1465 1461 1581 1516 quod
1618 1475 1733 1503 com-

208 1529 389 1577 pareant
418 1533 557 1560 coram
582 1518 732 1560 eodem
755 1517 1091 1573 Archiepiscopo
1112 1517 1227 1573 apud
1251 1518 1453 1559 Brniston
1474 1518 1641 1559 decimo
1662 1519 1731 1560 die

210 1580 398 1634 ejusdem
437 1576 613 1625 mensis3
657 1585 701 1617 et
739 1576 856 1616 nullo
892 1576 950 1617 ibi
992 1584 1277 1631 comparente,
1319 1577 1362 1616 in
1402 1576 1583 1618 crastino
1616 1578 1731 1632 apud

212 1637 375 1692 Ripton
406 1635 679 1676 confirmatur
710 1634 882 1675 electus.
947 1633 1147 1688 Ejusdem
1171 1634 1325 1675 mensis
1346 1634 1415 1675 die
1436 1649 1497 1675 xx
1517 1643 1731 1690 tempora·

207 1694 266 1735 lia
294 1710 320 1736 a
352 1694 473 1750 Rege
507 1692 623 1748 apud
648 1691 855 1748 Berewyk
875 1691 1051 1747 recepit,
1075 1691 1117 1732 in
1140 1691 1248 1733 festo
1270 1692 1428 1734 scilicet
1452 1693 1725 1735 Ascensionis

211 1752 451 1794 Dominicae
466 1767 477 1800 3
515 1760 557 1792 et
589 1749 822 1805 penultimo
848 1749 968 1800 Maii,
991 1749 1059 1791 die
1081 1749 1240 1791 scilicet
1270 1751 1557 1802 Pentecostes,
1580 1767 1730 1793 conse-

207 1820 349 1852 cratus
378 1818 440 1851 est
473 1809 587 1865 apud
626 1808 869 1850 Eboracum
905 1807 946 1848 in
969 1807 1118 1862 majori
1140 1808 1328 1860 ecclesia,
1364 1817 1407 1851 et
1428 1810 1471 1850 in
1503 1809 1571 1852 die
1594 1810 1726 1852 sancti

216 1867 441 1910 Cuthberti
463 1867 504 1908 in
531 1865 771 1923 Septembri
794 1865 999 1908 Dunelmi
1021 1866 1299 1908 installatus.*

828 2209 923 2237 CAP.
948 2209 1111 2236 XXXIII.

705 2301 804 2341 [MS.
829 2303 910 2345 Cap.
934 2313 1057 2335 evax.
1081 2303 1102 2335 f.
1129 2305 1193 2340 207
1220 2303 1269 2343 b.]

267 2397 445 2441 Mortuo
476 2395 675 2445 Antonio,
710 2396 1082 2451 apprehenderunt
1107 2397 1246 2438 statim
1275 2397 1394 2438 Prior
1416 2409 1457 2439 et
1483 2397 1723 2452 Capitulum

199 2454 548 2511 jurisdictionem,
586 2453 782 2495 officiales
817 2463 858 2494 et
894 2454 1103 2496 ministros
1137 2455 1239 2495 alios
1276 2455 1570 2510 praefecerunt.
1646 2458 1726 2498 Ar-

208 2512 499 2568 chiepiscopus
533 2526 634 2557 vero
671 2512 753 2553 hoc
789 2512 1072 2567 perpendens,
1108 2512 1300 2553 Priorem
1330 2522 1370 2554 et
1394 2515 1657 2568 suppriorem
1681 2524 1722 2556 et

209 2570 420 2613 ministros
440 2569 642 2625 praefatos
678 2570 1075 2621 excommunicavit,
1109 2580 1150 2612 et
1172 2585 1270 2612 suos
1293 2570 1495 2626 praefecit.
1555 2571 1722 2621 Quibus

205 2630 263 2670 sic
296 2627 523 2680 [sententia
554 2627 1006 2670 excommunicacionis
1038 2628 1294 2679 innodatis]‚
1327 2629 1397 2670 die
1423 2629 1637 2670 electionis
1658 2645 1722 2671 as-

208 2687 373 2741 signato
409 2684 685 2726 haesitabatur
721 2685 820 2739 quid
858 2695 1065 2740 ageretur.
1145 2686 1275 2727 Scivit
1313 2686 1421 2728 enim
1461 2686 1719 2743 Capitulum,

457 2803 472 2818 ‘¹'
492 2800 704 2833 Arrssnmx.
722 2799 786 2832 No.
805 2810 978 2833 Lxxxwr
996 2811 1185 2835 Lxxxvur.
1204 2813 1361 2835 11xxX1x.
1379 2813 1468 2836 xcn.
