1807 2962
248 90 312 132 45
538 98 671 130 Hisr.
689 140 693 144 v
711 95 948 128 DUNELM.
990 81 1295 126 sempronrs
1332 94 1471 126 Tnns„

180 212 208 273 [
246 207 384 250 facere
426 204 818 261 prudentissimum,
867 210 923 252 et,
969 218 991 242 e.
1039 216 1256 251 converso,
1311 202 1364 242 de
1445 200 1771 256 prudentissimo

243 266 382 307 minus
423 264 625 311 sciolum3
679 277 810 302 unum
842 260 1003 301 scilicet
1038 259 1304 314 praeferendo
1339 267 1381 300 et
1423 260 1684 310 honorando,
1728 269 1771 302 et
1796 278 1802 315 ζ

242 324 425 366 alterum
458 320 802 376 contempnendo
837 328 878 360 et
910 317 1162 373 dejiciendo.
1229 318 1353 357 Anno
1376 325 1456 361 etc.
1482 330 1696 368 MCCLXVI,
1723 316 1769 359 ‘in
1798 318 1804 353 ἶ

246 381 447 436 Capitulo
478 378 666 435 generali
697 376 810 433 apud
841 376 1095 425 Eboracum,
1120 375 1297 429 petitum
1319 375 1399 416 fuit
1421 390 1495 430 per
1517 385 1770 417 conventum
1797 376 1801 427 ἶ

243 439 595 487 Dunolmensem,
620 436 735 492 quod
754 449 848 476 cum
867 435 916 475 Β.
935 434 1147 490 quondam
1168 433 1302 483 Prior,
1322 447 1407 474 non
1422 433 1510 474 sine
1528 433 1770 490 symoniaca
1800 430 1803 457 s

241 497 450 553 pravitate
484 504 525 537 et
561 494 669 536 vicio
702 492 986 549 proprietatis,
1012 500 1112 533 ante
1135 492 1366 532 cessionem
1390 505 1523 540 suam,
1546 507 1622 547 per
1643 506 1767 548 quos·
1791 498 1794 501 ’

241 557 340 597 dam
373 554 596 596 familiares
627 567 723 593 suos
757 552 810 592 de
844 559 1053 592 conventu
1086 549 1325 606 consignari
1346 549 1424 589 sibi
1447 550 1545 591 fecit
1567 549 1771 605 provisio·
1797 563 1803 602 vj

241 629 339 655 nem
361 613 630 667 superfluam,
654 609 997 664 monasterioque
1020 609 1321 662 dampnosam3
1345 615 1434 649 tum
1448 607 1547 663 quia
1563 607 1766 658 ecclesiae,
1796 637 1797 640 η

240 686 344 728 quas
375 672 516 720 habet,
559 669 614 711 ad
650 668 753 710 alios
795 682 892 708 usus
934 666 1292 714 conferebantur3
1326 675 1383 716 et,
1421 666 1455 706 si
1487 667 1575 720 ipse
1607 680 1676 707 eas
1713 666 1769 707 ad
1800 707 1802 711 f

241 731 467 772 terminum
501 727 599 768 vitae
632 734 813 775 teneret,
846 726 936 779 ipso
969 723 1218 773 decedente,
1253 723 1392 778 potuit
1419 738 1547 779 super
1568 723 1647 765 hiis
1669 733 1770 765 co'n-

240 787 386 830 ventui
437 785 730 842 praejudicium
781 782 987 838 generari,
1041 791 1133 823 tum
1185 782 1285 838 quia
1335 783 1648 823 circumventus
1689 781 1770 822 fuit
1802 810 1803 814 ,

241 853 488 894 conventus,
525 843 640 900 quod
681 840 906 883 aestimatio
948 855 1047 882 vera
1099 840 1309 881 bonorum
1346 839 1423 881 sibi
1460 839 1767 894 assignatorum

240 903 413 945 minime
444 903 676 951 dicebatur,
699 914 776 941 nec
806 899 949 940 literas
982 898 1308 939 transcurrendo
1325 897 1433 939 lecta
1454 912 1598 939 coram
1619 897 1692 948 eis,
1715 897 1771 938 ad
1796 895 1797 898 '

240 961 411 1016 plenum
448 959 684 1013 intelligere.
719 964 976 1012 potuerunt;
1024 955 1138 998 unde
1171 955 1388 1010 petierunt
1422 970 1550 1010 super
1584 955 1664 996 hiis
1695 969 1771 1010 per
1802 984 1803 1009 ᾗ

242 1019 490 1074 Capitulum
513 1016 728 1059 Generale
760 1014 816 1056 eis
848 1014 1081 1055 remedium
1105 1013 1329 1068 provideri,
1353 1021 1397 1054 et
1418 1013 1458 1054 ei
1477 1013 1772 1068 poenitentiam
1801 1023 1804 1036 ¹

240 1077 466 1118 salutarem
489 1073 665 1130 injungi.
704 1072 880 1127 Scripsit
896 1071 1023 1126 igitur
1037 1071 1271 1125 capitulum
1289 1070 1469 1124 Hugoni
1489 1070 1768 1125 Priorijuxta

241 1135 527 1191 sugestionem
560 1133 682 1173 istam
705 1131 746 1171 in
769 1130 924 1170 virtute
947 1128 1216 1177 obedientiae,
1252 1136 1295 1169 et
1318 1128 1604 1170 obtestatione
1637 1128 1770 1169 divini
1800 1137 1804 1173 ἶ

239 1192 420 1233 nominis
456 1191 533 1232 sub
568 1190 716 1231 debito
750 1186 983 1242 disciplinae
1014 1186 1230 1241 regularis,
1263 1186 1450 1236 honoris,
1483 1196 1527 1227 et
1554 1186 1769 1241 dignitatis
1799 1193 1802 1196 ’

240 1250 488 1305 privatione,
527 1263 614 1289 non
656 1248 851 1288 obstante
885 1243 1207 1286 confirmatione
1247 1244 1399 1285 summi
1443 1243 1677 1294 Pontifieis,
1721 1252 1767 1285 et
1801 1259 1804 1301 ‘i

239 1307 496 1364 privilegio,‘{
516 1305 633 1362 quod
674 1305 727 1346 de
770 1304 889 1345 bonis
931 1302 1118 1344 ecclesiae
1155 1301 1287 1357 possit
1322 1302 1456 1344 libere
1490 1311 1656 1353 testare,
1694 1316 1768 1358 per
1801 1326 1803 1331 .

239 1366 328 1407 veri
361 1363 714 1421 suppressionem,
757 1370 800 1403 et
836 1361 930 1402 falsi
972 1361 1283 1414 suggestionem
1305 1360 1483 1401 subdole
1520 1360 1765 1415 impetratis,
1802 1394 1805 1406 Α

238 1437 435 1465 excessus
458 1432 541 1464 tam
566 1435 757 1463 enormes
780 1420 1034 1476 corrigeret3
1068 1417 1275 1459 senectuti
1299 1426 1442 1459 tamen
1464 1418 1553 1472 ejus
1574 1427 1615 1459 et
1636 1417 1768 1474 quieti

235 1480 506 1536 prospiciens,
530 1478 881 1520 sustentationem
912 1491 1143 1531 congruam
1165 1490 1242 1530 pro
1264 1491 1308 1517 se
1331 1489 1372 1517 et
1393 1476 1558 1516 duobus
1579 1475 1700 1517 sociis
1721 1484 1766 1517 et

237 1540 417 1580 honesta
447 1537 617 1586 familia,
639 1551 722 1592 qua
744 1549 797 1577 cc
821 1550 984 1576 marcos
1015 1549 1099 1575 non
1123 1533 1366 1583 excederet,
1389 1532 1633 1588 assignaret.
1696 1534 1767 1575 De
1801 1549 1804 1557 ⁴

239 1612 323 1653 qua
343 1604 486 1638 tamen
507 1595 717 1650 portione,
741 1603 787 1635 ut
808 1591 1102 1635 obedientiarii
1119 1591 1172 1632 de
1195 1592 1281 1633 suis
1304 1591 1461 1642 officiis,
1486 1591 1604 1633 annis
1625 1590 1766 1645 singu-

238 1655 285 1695 lis
321 1654 520 1696 redderet
558 1653 780 1695 rationem.
849 1651 1134 1692 Instrumenta
1169 1649 1297 1690 etiam
1319 1664 1446 1705 super
1466 1649 1604 1704 priore
1625 1649 1767 1704 provi·

238 1712 369 1762 sione,
407 1711 545 1766 papali
578 1710 916 1758 confirmatione,
952 1707 1194 1749 testamenti
1231 1708 1515 1758 confectione,
1539 1715 1582 1748 et
1614 1707 1647 1748 si
1669 1722 1765 1763 quae

237 1770 319 1812 alia
340 1772 623 1825 impetrasset,
647 1768 689 1808 in
711 1782 859 1808 manus
882 1781 976 1807 suas
994 1766 1152 1807 faceret
1169 1765 1372 1819 resignari
1391 1781 1400 1806 ε
1433 1765 1550 1821 quod
1571 1764 1605 1805 si
1628 1764 1766 1806 facere
1799 1785 1804 1812 j

236 1838 572 1882 contempneret,
606 1834 756 1868 contra
788 1840 884 1866 eum
918 1823 1185 1879 procederet,
1210 1833 1413 1879 tauquam
1440 1831 1591 1864 contra
1622 1822 1766 1865 inobe·

236 1886 438 1935 dientem,
472 1893 514 1926 et
536 1884 694 1938 regulae
716 1883 1088 1937 contemptorem.]
1254 1921 1256 1924 Α
1798 1884 1802 1933 f

298 1943 489 1992 Interim,
512 1941 701 1983 senciens
727 1941 789 1984 H.
826 1940 949 1981 Prior
980 1955 1034 1980 ex
1058 1939 1303 1979 infirmitate
1344 1945 1387 1978 et
1417 1938 1565 1979 labore
1597 1938 1765 1979 diutino
1802 1962 1805 1992 ,5

237 2002 344 2042 vires
366 2015 460 2041 suas
483 2000 524 2040 in
548 2015 592 2040 se
613 1999 793 2040 deficere
816 1997 1069 2053 corporaleS,
1095 1996 1340 2052 frequenter
1375 1997 1546 2051 rogavit
1589 1996 1765 2051 Episco·
1802 2016 1805 2018 ·

238 2073 351 2113 pum,
377 2066 422 2099 ut
443 2072 558 2099 suam
581 2056 827 2098 admitteret
848 2053 1128 2097 cessionem*
1193 2054 1249 2095 Et
1270 2053 1480 2108 Episcopo
1502 2053 1660 2094 diutius
1680 2053 1764 2095 hoc
1802 2095 1804 2103 k

237 2117 378 2157 facere
419 2116 655 2164 differente,
707 2114 878 2156 tandem
926 2127 1037 2153 anno
1080 2120 1159 2161 etc,
1205 2125 1445 2160 Mchxxu,
1490 2111 1558 2152 die
1600 2111 1764 2153 sabbati
1801 2138 1803 2142 .

236 2184 333 2228 post
363 2174 516 2215 festum
558 2172 692 2214 sancti
734 2171 945 2221 Nicholai,
988 2169 1100 2211 misit
1133 2168 1257 2210 Prior
1297 2170 1351 2210 ad
1398 2169 1658 2223 Episcopum
1703 2168 1761 2212 H.
1801 2186 1805 2205 ³

237 2233 291 2272 de
326 2232 590 2272 Horncastre
621 2230 835 2272 sacristam
881 2227 1214 2270 Dunelmensem
1256 2235 1299 2267 et
1340 2229 1588 2281 magistrum
1619 2229 1673 2268 A.
1707 2227 1762 2268 de
1802 2230 1805 2281 ξ

236 2290 519 2344 Derliugtone
557 2303 652 2329 cum
694 2287 829 2328 literis
870 2287 922 2327 de
954 2285 1188 2334 credentia,
1228 2284 1299 2340 qui
1351 2284 1510 2325 obnixe
1562 2293 1804 2341 rogarent

239 2347 514 2402 Episcopum,
548 2356 595 2386 ut
632 2347 759 2403 [opus
811 2344 922 2385 inter
964 2344 1098 2397 ipsum
1140 2351 1181 2383 et
1215 2341 1407 2383 Priorem
1455 2341 1610 2397 saepius
1652 2356 1762 2397 prae·
1801 2359 1804 2390 ς

236 2405 424 2445 locutum
476 2404 618 2454 citius]
671 2402 841 2444 effectui
891 2400 1188 2456 manciparet3
1243 2399 1387 2455 [quale
1441 2409 1582 2441 tamen
1632 2414 1760 2454 nego-

236 2462 342 2502 tium
398 2461 502 2503 illud
552 2468 661 2502 esset
708 2460 873 2514 penitus
926 2459 1193 2514 ignorabant.
1288 2457 1456 2506 Quibus
1510 2456 1758 2512 EpiscopuS,
1801 2493 1803 2499 Α

234 2527 278 2559 et
310 2519 341 2559 si
375 2520 461 2574 ipse
494 2526 535 2560 et
565 2519 813 2560 Conventus
839 2518 1066 2571 jurassent,
1101 2515 1220 2556 aliter
1248 2515 1512 2557 ordinabitur
1533 2523 1759 2570 antequam
1799 2565 1802 2568 y

235 2577 322 2626 fiat,
344 2592 438 2618 cum
472 2585 614 2617 tamen
643 2576 867 2624 vacaverit,
902 2574 1064 2615 veniam
1097 2573 1151 2614 ad
1180 2587 1277 2613 eum
1310 2588 1434 2627 super
1463 2573 1584 2628 hujus
1608 2580 1758 2613 tracta·
1798 2588 1802 2605 ὲ

236 2642 366 2675 turus.
434 2634 723 2675 Revertuntur
754 2633 910 2681 nuncii,
954 2641 996 2672 et
1035 2631 1273 2686 inquirente
1315 2632 1486 2673 sacrista
1526 2629 1627 2685 quid
1660 2644 1757 2671 nam

763 2751 774 2767 ³⁶
802 2748 1014 2786 Arrssumx,
1040 2758 1070 2779 P.
1099 2757 1236 2779 x1.v111.
