1807 2962
450 108 727 144 APPENDIX.
757 108 879 143 ANN.
908 110 1166 144 mccchv.
1396 101 1598 151 cccxxxi

71 215 339 258 decernimus
361 218 478 274 quod
499 220 717 260 concessio
758 226 800 261 et
841 218 1052 261 indultum
1089 218 1255 261 Nicolai
1283 220 1601 274 praedecessoris

69 274 312 328 hujusmodi
344 276 398 317 ab
427 276 575 317 eadem
598 277 667 318 die
689 292 800 319 nona
820 277 1023 319 kalendas
1058 277 1313 319 Novembris
1336 293 1455 320 suum
1480 282 1603 322 sorti-

71 341 197 373 antur
218 333 433 383 effectum‚
458 334 632 389 perinde
654 350 704 376 ac
726 335 759 376 si
795 349 923 390 super
956 335 1034 376 illis
1056 335 1158 376 dicti
1183 335 1348 377 Nicolai
1369 338 1605 391 praedeces-

68 389 173 431 soris
196 390 350 432 litterae
372 392 451 432 sub
476 392 664 448 ejusdem
687 392 771 434 diei
804 393 916 435 datae
947 393 1155 434 confectae
1177 392 1363 444 fuissent,
1386 404 1513 450 prout
1535 411 1603 437 su-

67 450 206 503 perius
238 458 501 499 ennarratur,
536 450 737 506 quodque
774 458 1006 506 praesentes
1047 451 1201 492 litterae
1241 451 1296 492 ad
1329 452 1597 505 probandum

66 506 195 561 plene
216 508 511 549 concessiones
527 517 568 549 et
585 508 799 549 indultum
818 508 983 550 Nicolai
1002 508 1325 563 praedecessoris
1343 509 1598 564 hujusmodi,

67 563 224 619 ubique
246 564 481 614 sufficiant3
514 579 590 607 nec
613 565 667 607 ad
702 566 744 607 id
777 566 1049 621 probacionis
1078 566 1252 607 alterius
1287 567 1602 610 amminiculum

66 622 317 677 requiratur.
380 622 498 663 Nulli
534 638 636 678 ergo
667 625 844 664 omnino
871 624 1093 665 hominum
1114 624 1241 665 liceat
1261 624 1371 666 hanc
1400 626 1600 683 paginam

64 688 224 720 nostrae
243 680 471 721 voluntatis
493 688 534 721 et
551 680 871 723 constitucionis
893 681 1138 736 infringere,
1159 682 1227 723 vel
1244 683 1283 723 ei
1300 697 1404 724 ausu
1418 691 1598 726 temera-

65 738 129 778 rio
143 737 371 781 contraire.
426 739 469 781 Si
488 739 580 795 quis
594 750 737 780 autem
750 739 831 780 hoc
848 747 1105 795 attemptare
1121 741 1447 796 praesumpserit,
1462 742 1600 797 indig-

65 795 289 837 nacionem
310 795 612 851 omnipotentis
635 796 735 847 Dei,
754 805 795 839 et
812 797 1035 839 beatorum
1061 797 1176 839 Petri
1199 806 1241 839 et
1266 798 1400 849 Pauli,
1424 808 1597 854 aposto-

65 853 203 894 lorum
225 853 328 908 ejus,
361 869 405 896 se
441 855 607 897 noverit
642 856 924 897 incursurum.
988 855 1103 897 Data
1128 855 1296 906 Rornae,
1335 857 1447 911 apud
1473 858 1602 898 Sanc-

65 919 156 952 tum
195 912 382 962 Petrum,
415 927 526 954 anno
562 912 867 954 incarnacionis
901 912 1141 954 Dominicae
1180 916 1312 964 14553
1345 914 1601 958 duodecimo

63 968 266 1012 kalendas
290 969 412 1022 Maii,
444 970 719 1026 pontificatus
740 970 873 1012 nostri
905 985 1015 1014 anno
1036 971 1189 1027 prime.

184 1245 400 1274 CCXLVIII.
464 1246 738 1275 INDENTURA
760 1247 907 1275 SUPER
931 1246 1222 1275 RECEPCIONE
1257 1247 1479 1275 PECUNIA-

183 1304 284 1331 RUM
327 1304 385 1331 DE
427 1305 761 1333 INDULGENCIIS
795 1305 908 1333 ANNI
943 1305 1131 1334 JUBILEI
1171 1305 1218 1333 IN
1262 1305 1478 1333 ECCLESIA

181 1361 473 1391 CATHEDRALI
517 1363 820 1391 DUNELMENSI
859 1363 1124 1392 CONFECTIS·

656 1459 760 1503 [Reg.
778 1459 846 1492 IV.
869 1458 926 1492 fol.
945 1461 1015 1501 95.]

123 1551 316 1594 Praesens
335 1552 559 1594 indentura
578 1552 691 1594 facta
712 1552 932 1603 Dunelmi,
956 1557 1058 1594 VI11⁰
1076 1551 1145 1593 die
1167 1552 1318 1593 mensis
1332 1552 1360 1594 J
1364 1552 1463 1603 unii,
1482 1567 1596 1595 anno

64 1609 242 1651 Domini
263 1610 484 1652 millesimo
508 1613 773 1661 ccccm⁰Lvt0,
807 1611 915 1653 inter
951 1610 1233 1652 venerabilem
1264 1619 1428 1665 patrem
1459 1610 1596 1652 domi-

64 1682 166 1709 num
191 1668 474 1710 VVillielmum
499 1668 691 1710 Priorem
722 1667 910 1710 ecclesiae
933 1667 1185 1709 cathedralis
1208 1666 1520 1719 Dunelmensis‚
1540 1684 1596 1711 ex

63 1735 187 1781 parte
206 1741 302 1776 una,
327 1735 369 1768 et
392 1726 613 1768 dominum
646 1726 832 1768 Alanum
872 1726 1129 1776 Chaumbre,
1163 1734 1372 1767 rectorem
1404 1727 1593 1769 ecclesiae

63 1784 316 1839 parochialis
338 1785 392 1826 de
412 1784 625 1840 Wythall‚
651 1783 963 1826 Lincolniensis
985 1783 1216 1834 dioceseos,
1240 1784 1292 1825 ad
1315 1784 1594 1827 sublevandas

66 1841 311 1884 oblaciones
333 1842 522 1884 fidelium
545 1842 770 1898 specialem
793 1842 1044 1897 deputatum
1065 1857 1119 1883 ex
1139 1854 1261 1897 parte
1282 1842 1429 1892 altera,
1468 1852 1595 1885 tes-ta-

65 1909 147 1950 tur,
171 1900 287 1957 quod
309 1900 447 1943 dictus
471 1900 631 1942 Alanus
662 1900 823 1950 habuit,
862 1900 1109 1950 sublevavit,
1144 1899 1400 1955 realiterque
1431 1902 1594 1957 recepit

64 1958 118 2000 de
160 1958 346 2014 praefatis
385 1958 614 2000 venerabili
656 1966 775 2014 patre
816 1958 991 1999 domino
1033 1958 1181 2000 Priore
1217 1958 1509 2009 Dunelmensi,
1552 1960 1595 2001 in

64 2017 228 2072 capella
248 2017 380 2059 sancti
404 2016 601 2058 Nicholai
623 2016 731 2058 infra
750 2016 986 2072 hospicium
1008 2031 1129 2057 suum
1151 2015 1318 2066 situata,
1342 2030 1499 2067 mense,
1523 2017 1593 2060 die

63 2083 108 2116 et
129 2089 241 2116 anno
273 2074 580 2131 suprascriptiS,
613 2076 656 2116 in
687 2074 920 2130 praesencia
952 2082 996 2115 et
1031 2074 1109 2115 sub
1140 2075 1230 2114 visu
1267 2088 1316 2114 ac
1351 2074 1594 2118 testimonio

63 2133 367 2175 venerabilium
389 2134 574 2175 virorum
596 2132 784 2188 magistri
805 2131 1010 2175 Johannis
1026 2132 1222 2182 Lounda,
1243 2131 1284 2172 in
1298 2140 1481 2188 utroque
1494 2133 1593 2187 jure

63 2191 290 2242 bacallarii‚
323 2191 511 2249 magistri
533 2191 752 2247 hospitalis
773 2190 827 2232 de
855 2191 1040 2246 Kepyer‚
1067 2189 1248 2231 Roberti
1274 2189 1417 2230 Rodes
1437 2191 1593 2248 armig-

65 2249 140 2300 eri,
163 2249 378 2291 senescalli
399 2249 560 2291 domini
583 2249 740 2291 Prioris
761 2248 952 2290 ecclesiae
976 2247 1244 2289 Cathedralis
1277 2247 1592 2299 Dunelmensis,

65 2307 227 2349 domini
251 2307 478 2349 Willielmi
512 2308 673 2349 Dalton
707 2305 936 2363 supprioris
958 2306 1149 2360 ejusdem
1179 2304 1383 2354 ecclesiae,
1422 2305 1594 2348 Ricardi

68 2366 164 2407 Bell
195 2365 374 2416 terrarii,
407 2365 635 2408 Willielmi
668 2367 798 2408 Seton
827 2364 1078 2413 cancellarii,
1108 2372 1150 2404 et
1177 2377 1306 2403 sacrae
1341 2363 1592 2419 Theologiae

65 2423 406 2474 bacallariorum,
448 2424 637 2479 magistri
676 2422 886 2466 Johannis
922 2422 1123 2462 Hexham
1153 2419 1310 2475 publici
1340 2423 1593 2464 auctoritate

66 2482 300 2537 apostolica
319 2482 485 2533 notarii,
509 2497 558 2523 ac
579 2481 848 2523 dominorum
881 2478 1109 2521 Willielmi
1133 2477 1343 2520 Barkdale
1365 2487 1409 2520 et
1430 2479 1593 2522 Johan-

66 2540 129 2580 nis
174 2539 423 2594 Hagreston
463 2540 794 2595 capellanorum,
841 2536 1015 2579 Ricardi
1054 2536 1241 2578 Claxton
1281 2543 1324 2577 et
1367 2536 1593 2579 Willielmi

71 2597 348 2655 Kyllynghall
368 2612 682 2652 generosorum,
716 2610 922 2637 summam
958 2595 1178 2648 sexaginta
1207 2608 1360 2635 novem
1391 2594 1594 2637 librarum

68 2664 112 2697 et
132 2656 283 2710 viginti
305 2655 588 2706 denariorum,
613 2655 666 2697 de
688 2654 766 2710 piis
788 2653 1078 2696 oblacionibus
1094 2651 1283 2693 fidelium
1305 2652 1595 2706 provenienci-

68 2728 139 2753 um
174 2728 249 2768 per
286 2713 608 2771 Indulgenciam
646 2711 893 2754 sanctissimi
923 2709 1051 2765 patris
1080 2708 1240 2750 domini
1271 2709 1402 2750 nostri
1430 2711 1593 2753 domini

70 2770 268 2813 Nicholai
290 2786 423 2828 nuper
447 2772 575 2829 Papae
598 2769 732 2828 quinti
755 2783 1010 2812 concessam.
1077 2768 1126 2810 In
1149 2782 1329 2825 quorum
1348 2768 1535 2812 omnium
1551 2780 1593 2812 et
