1807 2962
1557 42 1607 70 ‘)O

437 64 731 97 GAUFRID‘US
767 65 833 95 DE
873 62 1239 96 COLDINGHAM.
1545 48 1607 86 κο

71 170 357 225 congerebant
376 179 453 228 [et,
478 173 595 229 quasi
614 170 668 214 ad
686 171 958 213 excitandum
980 169 1232 214 Dominum,
1258 166 1329 223 qni
1349 166 1387 206 in
1409 164 1602 205 navicula

71 244 148 269 sua
173 230 426 279 dormiebat,
453 246 592 271 muros
624 231 814 272 ecclesiae
835 228 1021 286 pungnis
1043 238 1083 268 et
1107 227 1260 282 lapillis
1284 223 1600 273 verber-sibenin]

74 285 173 327 Non
204 299 301 328 sunt
332 287 482 329 similia
511 288 733 330 retroactis
766 287 1027 342 temporibus
1062 286 1102 325 in
1136 284 1314 326 ecclesia
1339 282 1420 323 Dei
1448 295 1598 335 perpe-

69 353 206 393 trata;
253 346 444 400 exceptis
494 346 573 387 hiis
616 362 710 403 quae
753 346 794 386 in
836 345 1009 387 domiuo
1053 341 1354 386 Cantuariensi
1396 340 1597 402 leguntur

67 401 256 457 impleta.
328 403 644 446 Recedentibus
681 404 810 461 igitur
847 403 1054 444 universis
1088 402 1141 442 de
1184 400 1374 448 ecclesia,
1407 406 1596 451 exceptis

66 461 223 514 pauciS,
248 462 445 502 monachi
464 463 604 503 divina
626 462 823 518 mysteria
844 462 976 502 libere
994 469 1310 515 prosequentes,
1335 467 1376 498 et
1400 457 1451 497 ad
1472 456 1597 496 finem

65 518 274 560 celebrius
305 520 430 560 solito
462 521 760 575 perducentes,
784 519 991 575 reliquum
1016 518 1099 559 diei
1124 517 1163 558 in
1187 515 1345 574 gaudio
1368 526 1411 557 et
1433 514 1598 555 exulta-

66 578 183 617 tione
215 577 443 622 duxerunt.
510 578 660 619 Tertio
692 589 787 633 post
818 578 909 618 haec
942 578 1026 626 die,
1054 576 1268 631 Episcopo
1291 572 1509 615 ecclesiam
1534 571 1597 611 in-

66 644 218 685 trante,
253 635 475 677 dicebatur
501 653 526 677 a
547 637 796 693 quibusdam
821 636 935 692 quod
959 635 1090 675 altare
1114 634 1370 675 decrevisset
1385 632 1473 686 jam
1497 630 1597 671 sub-

67 702 244 736 vertere.
300 695 384 735 Sed
408 709 493 735 non
519 694 577 735 ita
598 694 794 751 contigit.
852 694 899 735 In
924 693 961 733 vi
981 702 1122 733 tamen
1145 702 1187 732 et
1211 691 1366 732 virtute
1389 689 1595 730 obedien-

64 751 134 790 tiae
166 750 389 792 interdixit
422 752 652 802 monachis,
676 768 730 794 ue
752 752 793 792 in
816 767 867 793 eo
889 761 1103 792 canerent.
1168 751 1224 791 Et
1257 749 1428 806 quidem
1452 749 1492 788 in
1516 746 1593 786 hiis

62 808 256 850 omnibus
293 825 492 866 magnum
529 811 689 866 aliquid
724 826 767 852 se
797 812 932 865 egisse
963 809 1262 857 arbitrabatur,
1297 805 1514 848 monachis
1549 806 1592 845 id

62 865 148 908 fere
171 882 248 922 pro
280 868 454 909 minimo
480 868 749 919 habentibus,
774 869 844 924 qui
867 883 923 909 ex
945 866 1286 922 oppressionibus
1308 875 1350 906 et
1373 875 1594 906 contume-

61 920 125 964 liis
160 926 414 967 nascituram
452 936 645 982 tempore
682 942 758 967 suo
792 935 978 981 segetem
1013 926 1242 981 sperabant
1275 923 1592 964 consolationis.

61 982 135 1033 [In
174 983 379 1037 majorum
416 984 528 1025 enim
562 985 810 1041 plerumque.
846 984 1050 1025 malorum
1086 995 1193 1024 aestu
1226 993 1267 1024 et
1298 997 1496 1037 supremo
1519 995 1594 1020 ex-

60 1041 256 1094 spirantis
287 1042 388 1083 fidei
420 1043 622 1093 hanelitu,
658 1045 728 1084 ubi
761 1044 960 1084 humanae
993 1041 1285 1082 subventionis
1308 1041 1475 1096 penitus
1498 1040 1593 1079 des-

59 1109 262 1153 perantur
297 1100 498 1151 subsidia,
534 1101 751 1156 inopinata
784 1100 1030 1142 mirabiliter
1067 1101 1203 1141 salute
1242 1099 1425 1141 occurrit
1458 1100 1593 1153 pietas

60 1156 233 1207 Divina,
268 1168 311 1198 et
343 1173 438 1199 cum
462 1159 637 1215 quisque
670 1175 838 1200 suorum
858 1158 1071 1207 ceciderit,
1098 1173 1267 1199 manum
1293 1173 1345 1198 ne
1368 1157 1595 1198 collidatur

59 1215 296 1270 subponit]
354 1216 636 1273 Quamplures
660 1218 787 1272 igitur
810 1216 1007 1273 religiosi,
1028 1226 1068 1257 et
1089 1218 1162 1256 viri
1180 1216 1317 1271 periti,
1340 1224 1465 1272 [quos
1485 1214 1591 1255 ‹livi-

60 1287 138 1313 nus
170 1273 418 1328 impleverat
450 1291 571 1316 amor
606 1277 671 1316 vel
705 1276 864 1326 timon]
891 1284 1125 1315 metuentes
1149 1289 1200 1315 ne
1224 1274 1459 1328 periculosa
1482 1281 1591 1314 esset

58 1330 183 1381 actio,
207 1347 354 1386 pacem
388 1332 498 1373 iuter
520 1334 770 1375 dissidentes
792 1334 1024 1374 reformare
1047 1333 1312 1386 satagebant.
1382 1332 1465 1372 Sed
1489 1332 1591 1371 dum

58 1389 113 1429 ad
140 1404 228 1430 snae
260 1391 391 1444 partis
423 1391 715 1433 defensionem
752 1394 919 1447 utrique
954 1390 1175 1445 vigilanter
1207 1390 1522 1439 incumbebant,
1548 1390 1591 1429 id

57 1448 147 1488 sine
169 1448 353 1502 suijuris
376 1450 564 1503 periculo
586 1450 676 1491 fieri
701 1465 822 1504 posse
846 1464 929 1490 non
953 1449 1188 1498 credentes,
1213 1449 1396 1489 consiliis
1420 1448 1589 1488 minime

57 1505 402 1561 adquiescebant.
491 1508 558 1549 Ad
601 1508 842 1549 instantiam
886 1518 1026 1548 tamen
1069 1507 1136 1561 pie
1177 1505 1501 1554 consulentium,
1547 1505 1589 1545 in

55 1563 320 1605 amicabilem
354 1565 525 1606 demum
558 1566 798 1607 concordiae
821 1567 997 1606 formam
1022 1574 1311 1606 convenerunt
1334 1580 1344 1612 ς
1377 1574 1417 1604 et
1443 1564 1590 1605 sedata

57 1621 244 1676 undique
266 1626 510 1673 [ventorum
543 1633 587 1664 et
609 1625 830 1672 fluctuum,
855 1623 896 1663 id
919 1632 995 1672 est,
1020 1624 1243 1663 verborum
1270 1632 1310 1663 et
1334 1624 1587 1663 tumentium

55 1680 268 1731 cordium]
292 1681 489 1734 procella,
517 1681 771 1736 [imperante
798 1681 999 1729 Domino,
1024 1681 1095 1736 qui
1122 1683 1209 1737 jam
1233 1697 1256 1721 a
1278 1695 1455 1735 sompno
1474 1681 1589 1721 exci-

55 1745 165 1778 tatus
179 1739 447 1793 putabatur,}
468 1739 579 1781 sacta
601 1750 661 1781 est
686 1740 963 1796 tranquillitas
987 1754 1151 1793 magua.

443 2046 538 2073 CAP.
563 2044 671 2074 XVII.
708 2044 764 2072 DE
789 2044 968 2071 TERTIIS
994 2044 1196 2073 DECIMIS.

533 2139 630 2181 [MS.
645 2140 726 2182 Cap.
745 2149 872 2179 cxxiv,
889 2138 945 2171 fol.
964 2140 1036 2174 175.
1054 2140 1073 2169 b
1089 2139 1104 2178 1

115 2252 282 2293 Interea
314 2250 431 2305 regio
469 2264 542 2300 per
578 2263 754 2305 regnum
780 2247 948 2304 Angliae
980 2247 1296 2302 promulgatum
1331 2257 1392 2287 est
1422 2250 1576 2300 edicto,

51 2318 136 2350 tam
174 2326 198 2351 a
234 2308 493 2349 monasteriis
529 2322 654 2363 quam
693 2306 880 2346 ecclesiis
918 2307 1084 2346 tertiam
1123 2305 1329 2345 decimam
1369 2307 1495 2361 exigi,
1536 2319 1580 2349 et

49 2382 238 2423 quosque
260 2368 513 2407 reluctantes
531 2365 586 2405 ad
607 2364 856 2404 solvendum
880 2362 985 2403 laica
1008 2362 1209 2402 violentia
1229 2363 1441 2416 compelli,
1497 2366 1582 2407 Ve-

50 2424 249 2465 nerabilis
279 2438 380 2464 vero
408 2421 762 2476 Archiepiscopus
789 2419 1070 2461 Eboracensis
1094 2419 1340 2468 Gaufridus,
1365 2422 1580 2463 ecclesias-

51 2482 146 2523 tieae
168 2481 374 2522 libertatis
389 2490 543 2520 statum
564 2488 710 2519 nutare
727 2477 1000 2532 conspiciens,
1025 2486 1066 2517 et
1082 2491 1251 2516 manum
1277 2478 1580 2524 sublevationis

49 2554 263 2594 apponere
284 2539 475 2592 cupiens,
499 2536 604 2577 solvi
626 2551 651 2576 a
675 2536 759 2575 suis
781 2534 1011 2589 prohibuit,
1035 2543 1075 2574 et
1099 2534 1312 2575 solventes
1334 2537 1580 2581 anathema-

51 2599 103 2637 tis
120 2596 346 2638 interdicto
366 2594 598 2650 supposuit.
653 2594 847 2648 Cumque
865 2592 1019 2641 clerici,
1036 2591 1154 2645 regio
1169 2593 1426 2646 praevalente
1446 2607 1575 2648 metu,

51 2654 249 2696 solutioni
271 2654 490 2703 instarent,
514 2662 558 2694 et
581 2651 788 2692 voluntati
812 2665 877 2691 res
896 2665 978 2691 non
998 2649 1181 2699 cederet,
1208 2650 1370 2692 Gallias
1393 2655 1579 2707 secessit,
