1807 2962
219 94 406 144 cccxlvi
550 107 685 145 HIST.
712 111 948 144 DUNELM·
977 111 1283 145 SCRIPTORES
1310 113 1450 148 TRES.

224 217 359 259 lentes
380 218 557 273 proinde
580 219 757 261 dilectos
778 219 898 260 nobis
922 219 963 259 in
1001 218 1174 260 Christo
1211 219 1403 263 Priorem
1425 232 1468 265 et
1490 223 1760 270 Conventum

223 275 565 319 Dunolmensem
586 277 730 319 favore
752 276 950 332 prosequi
971 291 1197 330 generoso,
1231 280 1490 335 suscepimus
1523 284 1634 338 ipsos
1669 286 1760 327 Pri-

224 348 343 375 orem
366 343 409 376 et
433 335 715 385 Conventum,
739 334 935 375 homines
958 347 1001 375 et
1023 334 1254 377 servientes
1276 351 1388 389 suos,
1420 354 1586 382 necnon
1609 352 1757 395 terraS,

223 406 306 442 reS,
339 392 545 444 redditus,
570 401 614 434 et
635 407 782 433 omnes
804 392 1085 447 possessiones
1102 407 1212 443 suaS,
1245 408 1294 435 ac
1314 395 1430 437 bona
1450 405 1493 438 et
1515 400 1668 442 catalla
1684 417 1761 444 sua

224 464 504 505 quaecumque
521 461 564 492 et
586 450 840 506 ubicumque
856 450 1097 500 existencia,
1116 449 1155 490 in
1173 451 1505 506 proteccionem,
1526 457 1760 501 tuicionem

223 516 268 548 et
288 507 581 550 defensionem
602 517 767 549 nostras
788 508 1004 563 speciales,
1040 508 1096 549 Et
1117 507 1215 549 ideo
1232 510 1349 551 vobis
1364 513 1627 566 mandamus,
1644 517 1760 572 quod

221 564 334 619 ipsos
361 565 552 608 Priorem
574 575 617 608 et
643 567 926 616 Conventum,
949 566 1142 607 homines
1165 576 1207 608 et
1228 567 1456 610 servientes
1473 585 1585 623 suOS,
1610 583 1757 626 terraS,

220 636 303 675 res,
326 623 531 674 redditus,
554 633 596 666 et
618 638 762 666 omnes
793 623 1074 678 possessiones
1107 639 1215 674 suaS,
1247 640 1296 666 ac
1317 626 1430 669 bona
1451 637 1494 670 et
1516 631 1669 673 catalla
1684 648 1761 674 sua

221 695 502 737 quascumque
527 682 780 738 ubicumque
808 681 1055 732 existenda,
1079 685 1402 735 manuteneatis,
1435 689 1681 743 protegatis,
1715 699 1760 732 et

222 739 488 789 defendatis;
509 755 595 781 non
616 740 846 800 inferentes
869 739 945 790 eis,
970 739 1053 791 vel,
1076 750 1279 795 quantum
1298 742 1340 782 in
1357 743 1477 784 vobis
1492 754 1570 796 est,
1590 748 1645 789 ab
1666 748 1758 789 aliis

221 796 367 838 inferri
389 797 683 853 permittentes
706 798 915 852 injuriam,
949 797 1198 847 molestiam,
1222 800 1469 855 dampnum,
1494 803 1757 857 violenciam,

204 855 573 910 vimpedimentum
595 856 780 911 aliquod,
803 871 875 897 seu
897 870 1155 910 gravamen3
1178 866 1220 897 et
1242 856 1276 898 si
1298 858 1401 914 quid
1423 859 1482 901 eis
1516 862 1582 902 vel
1611 878 1759 905 eorum

219 912 347 954 alicui
367 913 628 955 forisfactum
651 914 737 955 sive
758 913 1006 968 injuriatum
1026 913 1168 963 fuerit,
1188 913 1231 955 id
1252 914 1311 955 eis
1333 916 1422 958 sine
1454 917 1664 962 dilacione
1686 922 1757 964 de·

218 969 308 1012 bite
330 971 480 1026 corrigi
505 981 549 1013 et
570 971 790 1013 reformari
806 971 983 1014 faciatis.
1038 971 1249 1012 Nolumus
1263 973 1374 1014 enirn
1397 976 1512 1030 quod
1533 978 1586 1019 de
1606 979 1757 1031 bladis,

219 1028 358 1078 foenis,
401 1031 533 1085 equis,
568 1028 758 1078 carectis,
790 1028 995 1083 cariagiis,
1030 1029 1181 1079 bobus,
1217 1033 1368 1082 vaccis,
1403 1033 1558 1087 porcis,
1593 1037 1754 1089 ovibus,

219 1095 292 1128 aut
314 1086 404 1128 aliis
425 1087 690 1137 animalibus,
714 1087 837 1128 bonis
866 1102 938 1128 seu
957 1087 1131 1137 catallis,
1155 1087 1342 1142 ipsorum
1369 1089 1540 1143 Prioris‚
1568 1094 1754 1136 ubicum-

218 1159 300 1200 que
323 1145 401 1186 sub
422 1145 616 1187 custodia
635 1160 711 1185 sua
731 1152 805 1185 aut
821 1145 1075 1186 ballivorum
1110 1159 1184 1186 seu
1205 1145 1423 1189 hominum
1448 1151 1515 1191 vel
1537 1153 1758 1195 servienti-

218 1217 288 1242 um
311 1217 483 1244 suorum
505 1204 682 1244 inventa
710 1203 880 1253 fuerint,
905 1211 1055 1244 contra
1071 1203 1332 1246 voluntatem
1354 1221 1474 1248 suam
1510 1224 1582 1251 seu
1619 1210 1756 1252 homi-

218 1274 319 1301 num
337 1261 402 1302 vel
420 1263 690 1303 servientium
711 1260 1015 1316 praedictorum
1038 1260 1091 1302 ad
1107 1276 1212 1317 opus
1236 1271 1442 1316 nostrum,
1466 1276 1539 1308 aut
1561 1268 1754 1320 aliorum,

216 1332 294 1373 per
314 1318 492 1360 ballivos
528 1335 602 1361 seu
639 1318 853 1360 ministros
890 1328 1073 1370 nostrOS,
1116 1328 1190 1361 aut
1226 1321 1398 1363 alterius
1435 1325 1752 1383 cujuscumque,

214 1376 441 1433 quicquam
464 1377 672 1434 capiatur.
737 1377 786 1418 In
808 1377 926 1432 cujus
943 1378 1004 1419 rei
1023 1376 1312 1420 testiinonium
1335 1380 1409 1422 has
1431 1382 1572 1426 literas
1590 1395 1754 1427 nostras

214 1435 307 1477 fieri
341 1435 515 1477 fecimus
537 1443 745 1491 patentes,
769 1450 844 1490 per
879 1444 1044 1490 septem
1066 1451 1198 1477 annos
1221 1437 1456 1484 duraturas.
1520 1442 1654 1484 Teste
1686 1458 1753 1486 me

215 1493 324 1595 ἔξεο,
349 1494 464 1551 apud
486 1494 770 1545 Dunolmum,
804 1507 922 1535 xxm
959 1493 1130 1549 Aprilis,
1164 1509 1276 1536 anno
1296 1497 1415 1552 regni
1446 1501 1579 1541 nostri
1601 1502 1751 1557 primo.

257 1560 371 1609 agot.

362 1829 490 1860 CCLX.
544 1829 713 1858 LITERA
744 1829 1095 1857 TESTIMONIALIS
1128 1828 1274 1855 SUPER
1309 1827 1600 1857 RECEPCIONE

642 1888 746 1915 VOTI
780 1888 942 1915 ALICIAE
974 1886 1301 1916 SWELYNGTON.

697 1980 801 2024 [Re-g.
817 1980 890 2013 111.
909 1981 1009 2013 Parv.
1027 1979 1085 2013 fol.
1106 1980 1182 2016 lll.
1198 1980 1249 2021 b.]

275 2075 497 2120 Universis
533 2074 691 2117 Christi
723 2074 919 2115 fidelibus
950 2081 1180 2129 praesentes
1211 2073 1352 2115 literas
1384 2071 1647 2128 inspecturis,
1670 2073 1746 2115 Jo-

211 2137 387 2185 hannes,
424 2132 700 2190 permissione
738 2132 898 2174 Divina
937 2132 1060 2173 Prior
1090 2132 1281 2173 ecclesiae
1303 2131 1557 2172 cathedralis
1581 2130 1746 2172 Dunel-

210 2194 382 2243 mensis,
407 2192 586 2234 salutem
618 2191 660 2231 in
693 2200 866 2232 auctore
888 2190 1048 2240 salutis,
1073 2199 1116 2232 et
1136 2190 1266 2231 fidem
1288 2190 1505 2231 indubiam
1528 2188 1746 2243 praesenti-

210 2253 289 2294 bus
330 2250 547 2294 adhibere.
631 2248 812 2290 Noverit
853 2248 1100 2289 universitas
1142 2256 1282 2289 vestra
1321 2262 1398 2288 nos
1439 2246 1744 2288 commissionis

209 2310 353 2352 literas
375 2306 624 2351 venerabilis
647 2315 689 2348 et
710 2306 1007 2362 circumspecti
1030 2305 1119 2356 viri,
1139 2305 1327 2362 magistri
1344 2304 1548 2347 Johannis
1560 2304 1743 2354 Lilford‚

207 2369 352 2423 legum
388 2365 589 2416 doctoris,
623 2365 843 2407 reverendi
876 2366 918 2405 in
959 2364 1130 2407 Christo
1160 2363 1293 2419 patris
1325 2372 1368 2405 et
1399 2362 1560 2404 domini
1581 2361 1743 2404 domini

209 2424 439 2469 Laurencii
471 2423 746 2479 permissione
780 2422 940 2464 Divina
962 2422 1263 2464 Dunelmensis
1284 2421 1484 2476 episcopi,
1507 2420 1548 2461 in
1569 2419 1744 2461 remotis

210 2484 388 2539 agentis,
430 2481 574 2524 vicarii
605 2481 646 2522 in
680 2480 966 2536 spiritualibus
1006 2480 1230 2534 generaIIS,
1255 2480 1333 2521 sub
1365 2494 1418 2521 eo
1449 2478 1521 2535 qui
1552 2478 1744 2534 sequitur

207 2552 356 2584 tenore
379 2541 606 2582 verborum
628 2539 796 2581 noviter
817 2538 1038 2594 recepisse.

266 2598 512 2641 Venerabili
535 2597 576 2639 in
603 2597 773 2639 Christo
794 2597 902 2652 patri
925 2606 968 2638 et
989 2595 1161 2638 domino
1184 2595 1359 2637 domino
1376 2592 1579 2644 Johanni,
1602 2593 1741 2635 Priori

207 2658 396 2700 ecclesiae
418 2656 671 2699 cathedralis
691 2655 1007 2706 Dunelmensis,
1030 2654 1246 2696 Johannes
1275 2652 1442 2695 Lilford
1471 2652 1616 2706 legum
1637 2651 1739 2693 doc-

205 2726 284 2767 tor,
328 2715 549 2758 reverendi
580 2714 622 2754 in
655 2713 826 2755 Christo
867 2712 996 2769 patris
1039 2721 1080 2753 et
1122 2711 1282 2753 domini
1314 2709 1475 2752 domini
1510 2708 1737 2751 Laurencii

206 2773 478 2828 permissione
511 2771 654 2814 divina
685 2771 871 2828 episcopi
916 2769 1218 2813 Dunelmensis
1260 2769 1424 2826 agentis
1465 2767 1507 2809 in
1548 2768 1733 2816 remotis,
