1807 2962
189 70 423 118 clxxxviii
503 83 639 115 HIST.
668 80 1238 114 DUNELM.SCR1PTORES
1265 79 1406 111 TRES.

185 194 274 248 jam
299 193 353 234 de
374 207 489 234 novo
510 191 762 234 constructis
785 204 917 246 usque
938 188 993 230 ad
1014 187 1237 229 ecclesiam
1257 186 1591 227 Dunelmensem
1610 193 1729 228 ante-

192 251 376 300 dictam3
418 251 477 292 ita
513 250 727 298 decenter,
766 248 948 297 fortiter,
987 261 1035 287 ac
1067 245 1230 295 melius,
1264 244 1373 285 sicut
1403 253 1502 286 sunt
1534 244 1729 299 praedicti

191 310 300 350 muri
317 311 405 364 Jam
429 308 483 350 de
506 322 618 349 novo
641 305 896 354 constructi3
929 303 1128 345 videlicet
1150 302 1266 359 quod
1287 317 1429 343 murus
1451 302 1728 344 occidentalis

190 368 270 408 erit
295 367 335 407 in
358 367 636 407 fundamento
659 362 939 417 spissitudinis
961 363 1049 403 sive
1066 360 1301 402 latitudinis
1319 361 1496 401 duarum
1517 361 1726 410 ulnarum,

190 440 287 466 cum
319 422 632 466 scarciamentis
653 421 775 462 bonis
797 420 1117 469 sufficientibus,
1141 428 1267 473 prout
1289 429 1387 459 sunt
1409 418 1448 458 in
1473 433 1595 459 muro
1617 418 1728 459 oeci-

190 483 351 524 dentali
380 485 470 539 jam
504 488 775 528 construct03
810 487 853 520 et
883 478 1011 520 faciet
1033 479 1076 518 in
1098 477 1250 518 eodem
1274 492 1395 517 muro
1418 477 1471 517 de
1493 491 1604 517 novo
1625 491 1726 516 con-

190 541 407 591 struendo,
444 540 521 581 sub
558 539 687 588 volta,
718 538 904 593 quinque
938 536 1158 586 fenestras,
1195 534 1425 576 consimilis
1461 534 1625 578 formae..
1657 534 1727 576 vel

189 598 457 640 decencionis
479 598 546 639 vel
569 595 768 645 melioris,
793 594 898 636 sicut
921 603 983 635 est
1006 593 1144 635 media
1162 593 1346 634 fenestra
1368 592 1409 632 in
1429 592 1573 633 Domo
1596 592 1726 633 Com-

188 657 302 698 muni
322 674 334 706 ;
369 666 411 698 et
434 670 563 697 unum
585 669 760 710 parvam
783 653 1010 695 fenestram
1033 651 1076 692 in
1098 651 1137 692 le
1163 651 1460 699 Wollehouse3
1492 650 1726 691 secundum

188 716 496 757 avisamentum
530 712 694 755 consilii
729 711 911 759 Prioris3
946 725 994 751 ac
1028 710 1159 750 eciam
1183 717 1247 750 tot
1269 708 1408 750 hostia
1428 707 1724 762 competencia

189 782 231 815 et
264 774 443 814 honesta
475 781 580 828 quot
612 769 820 811 voluerint
855 768 957 809 dicti
982 767 1103 810 Prior
1126 777 1167 808 et
1204 767 1448 808 Conventus
1470 766 1657 807 construi
1678 765 1722 807 in

187 847 315 886 opere
351 830 582 872 antedicto,
647 828 773 877 Item,
806 842 884 882 pro
915 826 1088 881 singulis
1120 825 1241 866 lectis
1271 824 1575 865 monachorum
1598 823 1724 865 faciet

187 890 300 931 idem
343 889 493 930 Petrus
530 888 573 927 in
607 894 789 941 utroque
825 899 944 925 muro
977 884 1182 924 fenestras
1205 881 1600 936 correspondentes»,
1625 896 1723 922 cum

187 947 343 989 securis
365 944 619 988 archevoltis
641 958 769 998 supra
789 958 847 993 se,
872 942 1102 983 secundum
1125 940 1299 981 modum
1323 954 1408 995 quo
1429 941 1565 994 prima
1585 939 1722 980 fenes-

184 1016 252 1048 tra
274 1007 312 1046 in
336 1004 542 1060 praedicto
563 1017 684 1043 muro
707 1001 760 1042 de
782 1015 896 1041 novo
910 1000 999 1054 jam
1020 999 1133 1040 facto
1149 999 1193 1039 in
1210 998 1348 1039 altero
1364 998 1449 1038 fine
1467 997 1724 1039 Dormitorii

186 1064 409 1120 praedicti3
444 1076 570 1117 supra
606 1074 709 1116 quas
739 1059 944 1100 fenestras
974 1057 1180 1098 lectorum
1202 1055 1508 1097 monachorum
1531 1055 1656 1097 faciet
1676 1057 1722 1096 in

186 1138 309 1164 muro
343 1118 595 1163 occidentali
628 1116 834 1173 praedicto
868 1128 951 1156 tres
974 1115 1193 1164 fenestras,
1226 1114 1292 1155 vel
1312 1114 1470 1169 plures,
1494 1113 1526 1153 si
1549 1128 1721 1155 necesse

187 1180 339 1229 suerit3
377 1187 420 1220 et
453 1178 494 1218 in
518 1191 639 1218 muro
662 1173 859 1216 orientali
887 1182 1070 1230 quatuor
1091 1172 1317 1214 consimilis
1339 1172 1501 1221 formae,
1526 1171 1611 1213 sive
1632 1186 1719 1213 me-

185 1239 313 1287 lioris,
347 1239 465 1294 cujus
496 1244 594 1275 sunt
616 1234 811 1275 fenestrae
833 1233 1071 1287 superiores
1092 1231 1222 1271 modo
1243 1232 1366 1272 sactae
1389 1229 1431 1270 in
1454 1244 1566 1270 novo
1588 1244 1719 1285 opere

183 1296 404 1353 praedicto.
472 1294 528 1335 Et
559 1307 686 1347 supra
706 1291 815 1346 ipsas
837 1290 1041 1331 fenestras
1064 1289 1303 1344 superiores
1324 1287 1449 1329 faciet
1473 1289 1515 1328 in
1537 1296 1719 1344 utroque

186 1370 308 1397 muro
340 1354 493 1395 ailours
516 1360 559 1393 et
579 1349 901 1392 bretissementa
919 1348 1155 1397 battellata,
1176 1347 1229 1388 de
1247 1361 1354 1402 puro
1376 1345 1547 1394 achsser,
1571 1360 1720 1386 secun-

186 1415 287 1455 dum
321 1410 539 1465 exemplar
571 1408 875 1464 praedictorum
910 1420 1126 1447 murorum
1155 1406 1244 1459 jam
1282 1403 1491 1445 factorum
1529 1403 1569 1444 in
1603 1418 1717 1444 novo

185 1487 316 1527 opere
349 1469 582 1525 praedict03
617 1466 732 1523 quod
769 1480 874 1520 opus
908 1479 1065 1505 novum
1098 1463 1176 1504 erit
1208 1463 1248 1503 in
1282 1461 1476 1503 omnibus
1498 1462 1719 1516 exemplar

184 1544 403 1571 murorum
441 1527 494 1568 de
527 1540 639 1566 novo
675 1522 1071 1565 construendorum.
1136 1521 1193 1562 Et
1226 1530 1349 1562 erunt
1385 1519 1488 1560 dicti
1524 1521 1632 1560 muri
1664 1520 1719 1560 de

184 1603 294 1643 puro
325 1586 485 1628 achilei·
515 1584 718 1632 exterius,
753 1589 797 1622 et
819 1581 872 1622 de
893 1580 1001 1635 rogh
1022 1579 1116 1620 wall
1138 1579 1327 1629 interius,
1352 1593 1447 1619 cum
1468 1578 1582 1618 bono
1604 1577 1718 1619 calce

184 1649 295 1688 bene
329 1654 370 1687 et
402 1643 660 1684 sufficienter
690 1639 826 1680 mixto
849 1647 1013 1680 cemate
1036 1637 1310 1692 competenti.
1374 1637 1483 1677 Item
1506 1635 1718 1676 caminum

177 1707 268 1761 jam
290 1705 332 1744 in
357 1703 502 1744 Domo
513 1697 742 1742 Communi
764 1697 971 1753 praedicta
987 1695 1188 1737 existenti
1205 1694 1462 1735 sufficienter
1479 1704 1522 1734 et
1540 1694 1718 1735 honeste

184 1762 363 1803 salvabit
378 1769 421 1802 et
439 1759 643 1814 perficiet,
662 1768 788 1811 prout
810 1755 970 1796 eisdem
994 1753 1131 1795 Priori
1149 1762 1191 1794 et
1211 1751 1451 1795 Conventui
1474 1751 1621 1793 melius
1643 1752 1719 1792 visi

184 1819 343 1861 fuerint
365 1817 581 1872 expedire.
648 1815 704 1854 Et
726 1813 807 1854 erit
828 1813 866 1854 le
888 1812 1092 1867 beddyng
1109 1811 1334 1865 cujuslibet
1355 1809 1513 1851 achilei·
1535 1809 1719 1864 ponendi

183 1878 227 1918 in
255 1878 337 1918 isto
359 1890 487 1930 opere
508 1871 785 1926 longitudinis
808 1870 930 1910 unius
952 1869 1073 1924 pedis
1096 1869 1149 1909 de
1171 1884 1328 1923 assyse,
1353 1868 1406 1908 ad
1429 1867 1563 1907 minus
1583 1882 1593 1915 ;
1621 1881 1717 1908 cum

181 1933 406 1977 latitudine
428 1930 704 1984 competenti.
759 1928 816 1970 Et
838 1928 911 1967 fiet
934 1941 1063 1967 unum
1086 1925 1382 1975 ascensorium,
1407 1937 1603 1965 vocatum
1628 1940 1715 1980 vys,

183 1993 227 2033 in
254 1989 479 2046 campanili
501 1985 790 2042 propinquiori
814 1983 1079 2025 Dormitorio
1103 1983 1307 2038 praedicto
1329 1983 1560 2023 seeundum
1583 1982 1718 2024 avisa-

181 2059 371 2092 mentum
415 2044 572 2088 Prioris
609 2053 651 2085 et
690 2044 933 2085 Conventus
976 2040 1292 2096 praedictorum,
1330 2055 1408 2095 pro
1445 2040 1716 2082 ascendendo

184 2122 312 2163 supra
349 2101 661 2147 Dormitorium
702 2100 979 2141 antedictum.
1058 2099 1114 2140 Et
1151 2098 1231 2140 erit
1262 2098 1343 2139 hoc
1385 2113 1490 2152 opus
1532 2098 1716 2139 finaliter

183 2165 439 2220 completum
471 2161 577 2202 citra
607 2161 756 2200 festum
785 2157 988 2199 Omnium
1016 2157 1268 2197 Sanctorum
1297 2156 1413 2211 quod
1435 2155 1514 2197 erit
1536 2155 1578 2195 in
1601 2170 1713 2197 anno

184 2222 362 2266 Domini
396 2218 617 2261 millesimo
650 2221 794 2258 ccccmo
832 2225 998 2270 quartO.
1075 2215 1132 2255 Et
1165 2214 1393 2269 praedictus
1429 2214 1713 2255 cementarius

180 2278 472 2322 warantizabit
494 2286 537 2317 et
558 2274 810 2316 sustentabit
825 2273 983 2314 voltam
1002 2272 1110 2313 infra
1126 2272 1380 2327 praedictum
1399 2271 1710 2312 Dormitorium

180 2354 294 2381 nunc
316 2337 583 2383 existentem,
607 2333 648 2373 in
671 2333 779 2373 adeo
796 2332 911 2373 bono
933 2339 1044 2371 statu
1066 2330 1173 2371 sicut
1195 2340 1258 2371 est
1276 2330 1316 2370 in
1337 2330 1406 2370 die
1428 2329 1712 2370 confeccionis

181 2395 455 2453 presentium,
472 2393 629 2448 absque
644 2390 784 2446 aliqua
798 2389 1135 2431 deterioracione
1159 2389 1362 2443 ejusdem.
1428 2387 1484 2428 Et
1508 2388 1618 2428 idem
1643 2402 1712 2428 ce-

181 2454 411 2497 mentarius
442 2452 611 2504 franget
643 2462 879 2504 quareram,
904 2446 1071 2487 ardebit
1093 2446 1265 2496 calcem,
1290 2455 1333 2487 et
1354 2444 1543 2485 inveniet
1568 2446 1710 2486 omnia

180 2523 223 2555 et
257 2510 502 2554 omnimoda
535 2507 701 2562 caragia
736 2504 1058 2561 quomodolibet
1090 2513 1316 2559 oportuna,
1351 2518 1399 2544 ac
1433 2502 1712 2543 instrumenta

180 2572 318 2612 ferrea
351 2577 392 2610 et
424 2568 579 2620 lignea,
617 2564 700 2605 alia
731 2578 902 2619 quoque
933 2577 1033 2603 vasa
1054 2576 1347 2617 quaecumque,
1371 2575 1465 2601 cum
1497 2559 1707 2610 scaffalds‚

180 2637 366 2685 seyntres
389 2634 432 2666 et
453 2624 598 2672 flekes,
622 2622 796 2677 aliisque
819 2619 1073 2662 omnimodis
1097 2618 1344 2660 necessariis
1366 2618 1600 2673 op01tuniS,
1626 2616 1709 2658 suis

179 2685 415 2740 sumptibus
447 2680 625 2736 propriis
657 2688 700 2720 et
722 2678 941 2733 expensis3
970 2677 1159 2731 exceptis
1182 2691 1373 2732 quarera,
1401 2686 1482 2717 tam
1508 2690 1584 2729 pro
1607 2675 1711 2729 lapi-

179 2744 315 2793 dibus,
350 2755 475 2797 quam
512 2754 588 2794 pro
611 2737 740 2787 calce,
775 2736 992 2786 meremio,
1017 2750 1065 2777 ac
1089 2735 1227 2790 virgi5‚
1253 2749 1331 2790 pro
1353 2733 1475 2775 dictis
1497 2732 1706 2782 scaffalds,
