1807 2962
529 70 806 106 APPENDIX.
836 70 955 101 ANN.
984 70 1262 103 MCCCCLVI.
1357 61 1599 108 cccxxxvii

60 176 241 219 minores
274 177 457 225 ordines,
491 178 659 219 statutis
681 193 705 219 a
729 178 826 232 jure
849 176 1108 232 temporibus
1137 186 1180 218 et
1211 177 1310 219 alias
1348 178 1428 220 rite
1455 182 1596 222 conse-

58 235 195 285 rendi,
220 251 386 277 necnon
408 235 560 277 calices
582 245 623 277 et
646 235 893 290 corporalia,
906 235 1037 289 pallas
1060 235 1214 284 altaris,
1238 235 1402 291 aliaque
1424 239 1593 279 ecclesi-

58 292 190 334 astica
211 302 474 343 ornamenta,
499 295 540 334 in
573 293 688 334 dicta
717 293 892 348 aliisque
930 291 1131 341 ecelesiis,
1155 293 1327 347 capellis
1349 302 1393 334 et
1414 294 1516 335 locis
1538 297 1592 337 ab

57 365 109 391 ea
130 350 486 405 dependentibus,
510 366 606 392 cum
625 351 949 392 solennitatibus
971 352 1012 390 iu
1037 349 1189 390 talibus
1212 350 1437 405 requisitis,
1461 352 1593 394 bene-

58 408 243 459 dicendi,
284 408 484 463 Episcopi
515 423 593 464 pro
616 417 810 463 tempore
847 407 1065 449 existentis
1101 407 1310 463 praedicti,
1343 423 1415 449 seu
1453 412 1592 465 cujus-

57 480 239 522 cumque
260 466 431 507 alterius
462 466 638 508 licencia
674 481 800 520 super
821 466 902 507 hoc
940 466 1113 506 minime
1135 465 1351 521 requisita,
1373 466 1591 508 licenciam

56 533 100 564 et
123 524 419 565 auctoritatem
439 534 586 565 tenore
617 524 897 579 praesencium
922 524 974 565 de
996 523 1188 579 specialis
1210 523 1325 564 dono
1346 524 1494 577 gratiae
1517 525 1592 566 im-

57 581 278 637 partimur,
316 581 587 623 concedimus
618 582 772 636 pariter
808 591 850 623 et
880 582 1169 638 indulgenmS,
1205 596 1292 622 non
1326 582 1589 623 obstantibus

57 639 313 695 apostoliciS‚
348 654 515 680 necnon
550 640 676 680 bonae
713 641 930 680 memoriae
968 638 1141 681 Ottonis
1175 648 1218 680 et
1253 639 1466 680 Octoboui
1490 640 1590 681 olim

57 697 99 737 in
121 711 254 751 regno
278 698 449 751 Angliae
483 697 593 739 sedis
626 697 873 752 apostolicae
907 698 1141 751 legatonlm
1174 697 1218 737 in
1263 697 1589 751 provincialibus

57 770 228 820 quoque
262 764 302 796 et
340 755 613 812 synodalibus
641 755 778 806 editis,
803 755 1072 819 generalibus
1110 753 1174 795 vel
1198 755 1463 809 specialibus,
1488 770 1589 796 con—

58 803 372 855 stitucionibus
377 814 566 854 ecclesiae
584 829 752 869 quoque
770 822 812 854 et
835 812 992 854 ordinis
1014 812 1327 867 praedictor‚um
1345 814 1590 868 juramento

57 871 386 912 confilmacione
437 872 682 926 apostolica,
728 872 793 912 vel
844 886 1111 935 quacumque
1162 870 1361 912 firmitate
1402 869 1484 911 alia
1523 886 1591 912 ro-

55 929 229 978 boratis,
264 930 445 978 statutis,
485 939 527 970 et
558 929 936 970 consuetudinibus
968 927 1201 984 ceterisque
1242 928 1463 969 contrariis
1499 930 1592 984 qui-

56 987 334 1042 buscumque.
429 987 547 1028 Nulli
578 1002 684 1052 ergo
717 987 888 1027 omnino
930 986 1148 1027 hominum
1202 985 1327 1027 liceat
1367 986 1475 1027 hanc
1517 1001 1591 1051 pa-

54 1044 198 1099 gissam
239 1054 393 1085 nostrae
429 1045 707 1085 concessionis
745 1045 986 1099 infringele,
1030 1044 1096 1085 vel
1138 1043 1176 1084 ei
1218 1059 1321 1085 ausu
1364 1044 1589 1086 temerario

56 1102 281 1143 contraire.
364 1103 409 1146 Si
441 1102 533 1158 quis
566 1113 709 1144 autem
741 1103 823 1143 hoc
864 1111 1121 1156 attemptare
1164 1102 1491 1156 piaesumpseiit,
1524 1104 1589 1142 in—

55 1160 352 1214 dignacionem
396 1160 714 1215 Omnipoteutis
753 1160 852 1210 Dei,
889 1175 938 1201 ac
971 1160 1193 1200 beatorum
1238 1159 1356 1200 Petri
1393 1169 1436 1200 et
1465 1159 1587 1200 Pauli

55 1219 346 1273 apostolorum
379 1220 481 1274 eJuS,
515 1234 559 1259 se
595 1219 762 1259 noverit
795 1220 1075 1260 incursurum.
1140 1217 1256 1258 Data
1282 1217 1447 1266 Romae,
1472 1217 1587 1272 apud

57 1276 260 1318 Sanctum
286 1277 473 1326 Petrum,
493 1291 603 1317 anno
619 1276 922 1317 incarnacionis
946 1274 1184 1316 Dominicae
1204 1288 1443 1326 MCCCCLVI,
1463 1285 1585 1316 sexto

55 1333 260 1376 kalendas
281 1334 398 1384 Julii,
436 1334 713 1376 Pontificatus
736 1335 866 1375 nostri
898 1348 1009 1374 anno
1031 1333 1232 1376 secundo.

231 1615 387 1642 CCLIII.
419 1615 631 1643 ‘PROVISIO
655 1614 962 1642 VENERABILIS
995 1613 1154 1641 PATRIS
1187 1613 1406 1641 M‘AGISTRI

252 1672 505 1700 WILLIELMI
540 1672 811 1700 EBCHESTRE
836 1672 1019 1700 PRIORIS
1044 1671 1384 1699 DUNELMENSIS.

620 1767 723 1810 [Reg.
739 1767 805 1798 IV.
822 1767 843 1798 f.
874 1768 946 1799 101.
960 1767 1009 1807 b.]

116 1859 325 1901 Noverint
357 1860 542 1902 universi
573 1875 650 1915 per
681 1869 925 1915 praesenteS‚
959 1861 1074 1916 quod
1108 1875 1198 1910 nOS,
1235 1860 1446 1902 Ricardus
1474 1860 1582 1916 Sup-

52 1918 168 1974 prior
201 1926 244 1959 et
280 1918 524 1973 Capitulum
560 1918 751 1959 ecclesiae
797 1918 1049 1959 cathedralis
1090 1918 1405 1968 Dunelmensis,
1444 1927 1585 1959 atten-

52 1976 200 2017 dentes
239 1976 462 2017 laudabilis
503 1977 603 2017 vitae
649 1977 1031 2024 conversacionem,
1076 1985 1120 2017 et
1160 1975 1369 2016 fervorem
1412 1976 1581 2017 devotae

53 2033 282 2087 religioniS,
326 2049 491 2075 necnon
532 2034 698 2075 labores
735 2034 858 2075 utiles
892 2043 935 2075 et
971 2034 1176 2083 efficaces,
1200 2049 1305 2088 quos
1332 2034 1583 2076 venerabilis

52 2101 172 2146 pater
207 2092 408 2145 magister
450 2091 694 2133 Willielmus
737 2092 985 2141 Ebchestre,
1026 2106 1159 2147 nuper
1195 2092 1317 2132 Prior
1357 2099 1502 2133 noster
1541 2101 1586 2133 et

53 2158 198 2204 pastor
237 2149 445 2203 egregiuS,
485 2149 597 2190 circa
643 2149 812 2191 salubre
853 2149 1045 2204 regimen
1087 2148 1333 2190 monasterii
1373 2149 1505 2190 nostri
1536 2149 1581 2191 in

52 2206 337 2261 spiritualibus
371 2216 412 2248 et
449 2207 752 2262 temporalibus
783 2207 972 2248 studiosa
1003 2207 1224 2261 vigilancia
1245 2206 1442 2247 sustinuit
1463 2207 1583 2247 inde-

51 2264 175 2314 fesse,
200 2264 488 2320 volentesque,
513 2273 750 2318 propterea,
784 2265 921 2305 eidem
955 2264 1105 2320 quietis
1125 2264 1380 2305 beneficium
1403 2273 1446 2304 et
1472 2279 1582 2318 prae-

51 2322 196 2372 mium,
231 2322 419 2387 quamvis
458 2337 542 2362 non
576 2322 853 2376 condignum,
886 2323 1109 2376 providere
1142 2330 1184 2361 et
1214 2321 1461 2375 rependere,
1486 2332 1582 2376 post

52 2379 257 2430 laborem,
291 2379 478 2420 unanimi
509 2394 717 2420 consensu
751 2388 892 2420 nostio
914 2388 958 2420 et
979 2394 1135 2420 concm
1138 2379 1193 2428 d1,
1216 2388 1264 2419 ut
1285 2379 1386 2419 dum
1410 2379 1577 2429 vixerit,

52 2436 254 2478 decenter
276 2446 317 2478 et
339 2452 527 2494 congrue
542 2438 680 2478 valeat
709 2436 944 2486 sustentari,
965 2436 1207 2477 ordinamus
1230 2444 1271 2477 et
1292 2436 1577 2490 paovidemus,

53 2509 102 2536 ac
125 2504 272 2536 tenore
293 2495 568 2549 praesencium
592 2495 851 2548 assignamus
883 2494 1021 2535 eidem
1041 2493 1136 2533 infr‘
1127 2493 1335 2548 ascripta3
1368 2494 1576 2543 videlicet,

53 2567 263 2593 cameram
286 2552 394 2593 infla
415 2553 715 2593 monasterium
748 2551 1020 2601 antedictum,
1046 2561 1236 2592 vocatam
1263 2551 1575 2607 Coldyngham‚

52 2625 147 2651 cum
170 2610 454 2664 pertinenciiS,
471 2619 512 2651 et
534 2610 706 2650 domum
722 2611 847 2665 juxta
868 2609 1019 2650 ostium
1040 2609 1204 2650 Domus
1231 2609 1491 2659 Communis,
1512 2609 1575 2650 vel

53 2682 363 2723 quamcumque
394 2669 519 2709 aliam
551 2667 775 2708 consimilis
798 2667 1057 2708 condicionis
1089 2682 1214 2722 quam
1238 2666 1314 2707 sibi
1337 2666 1576 2707 decreverit

52 2725 306 2780 eligendam,
331 2741 379 2767 ac
409 2725 765 2768 sustentacionem
797 2740 914 2766 suam
937 2734 979 2766 et
1002 2733 1194 2779 sumptus
1215 2724 1256 2765 in
1280 2724 1502 2766 esculentis
1534 2732 1577 2766 et

815 2796 841 2823 Υ
