1807 2962
397 77 668 110 Ar-Psnmx.
697 76 819 109 ANN.
849 73 1243 108 Mccchxxxix.
1369 63 1610 110 ccclxxvii

195 408 349 438 >tt-CXCI.
406 407 638 435 INHIBICIO
673 407 955 435 EMPCIONUM
991 407 1047 435 ΕΤ
1084 408 1414 436 VENDICIONUM
1448 410 1497 436 IN

200 466 443 494 DOMINICIS
477 466 532 493 ΕΤ
566 466 682 494 ALIIS
717 466 866 493 FESTIS
898 465 1180 494 SANCTORUM
1222 466 1271 494 IN
1316 467 1500 494 DIOCESI

199 523 517 552 DUNELMENSI.

579 618 683 662 [Reg.
707 618 775 651 IV.
793 618 893 651 Parv.
911 617 968 651 fol.
988 619 1049 656 187
1066 618 1117 659 b.]

139 712 360 753 Johannes
383 710 469 752 Dei
490 709 632 764 gracia
653 710 957 751 Dunelmensis
979 709 1217 766 episcopus,
1242 711 1447 755 universis
1468 722 1509 756 et
1530 711 1614 756 sin-

76 770 191 824 gulis
208 769 457 819 rectoribus,
476 768 653 817 vicariis,
676 782 842 809 necnon
862 768 1129 810 ecclesiarum
1152 780 1196 810 et
1217 770 1473 824 capellarum
1496 788 1617 815 cura-

83 827 149 878 tis,
173 827 353 868 salutem
375 827 416 867 in
447 826 635 867 Domino
666 825 981 882 sempiternam.
1045 826 1178 868 Fama
1197 828 1366 882 publica
1387 829 1611 882 referente,

79 886 136 926 ad
158 894 351 927 nostrum
372 883 538 926 noviter
558 884 749 939 pervenit
771 884 975 935 auditum,
1009 885 1178 926 occulta
1198 887 1331 927 eciam
1354 887 1439 929 fide
1460 889 1612 943 saepius

82 943 400 999 perpendimus,
435 942 550 999 quod
586 941 779 983 nonnulli
820 943 1004 984 artifices
1036 951 1077 983 et
1109 944 1304 998 operarii,
1338 953 1381 986 et
1402 947 1616 1002 praecipue

84 1011 262 1051 sutores,
286 1009 446 1041 nostrae
468 999 763 1055 ¹jurisdiccioni
785 999 944 1041 subditi
966 1009 1008 1041 et
1032 1001 1225 1055 subjecti,
1251 1002 1337 1044 Dei
1359 1012 1402 1044 et
1425 1005 1615 1047 ecclesiae

84 1059 235 1100 timore
257 1058 507 1113 postposito,
520 1058 669 1099 diebus
691 1057 911 1099 dominicis
933 1068 974 1099 et
996 1058 1156 1099 festivis
1173 1060 1550 1114 publica-mercata
1571 1063 1614 1104 in

84 1117 300 1158 cimiteriis
323 1117 608 1166 ecclesiarum,
633 1126 676 1158 et
698 1115 788 1157 aliis
810 1116 914 1158 locis
937 1116 1095 1167 vicinis,
1119 1126 1278 1169 tenere,
1301 1134 1460 1175 suaque
1484 1121 1610 1172 bona,

84 1190 150 1216 res
172 1184 214 1216 et
238 1189 411 1224 merce-2,
445 1174 737 1215 vendicacioni
769 1189 997 1229 exponere,
1020 1184 1064 1216 et
1097 1175 1185 1216 aliis
1212 1191 1264 1217 ea
1284 1178 1482 1229 vendere,
1506 1188 1615 1220 tem-

84 1234 257 1287 poribus
290 1233 423 1273 eciam
462 1233 715 1282 divinorum,
758 1231 816 1273 eis
852 1231 1025 1273 omnino
1057 1235 1192 1289 ajure
1234 1234 1470 1288 prohibitis,
1496 1238 1615 1279 nullo

85 1291 214 1332 modo
247 1299 461 1339 verentur,
487 1291 665 1331 sabbata
694 1305 783 1340 sua,
809 1305 905 1343 qnae
929 1292 1056 1346 juxta
1078 1291 1163 1333 Dei
1193 1302 1454 1348 praeceptum
1476 1295 1616 1336 colere

86 1350 307 1399 deberent,
331 1348 552 1390 manifeste
575 1348 785 1398 violando,
809 1348 852 1389 in
874 1349 1109 1390 animarum
1132 1365 1299 1391 suarum
1322 1352 1482 1406 grande
1504 1352 1615 1408 peri-

80 1407 241 1457 culum,
269 1406 480 1462 ipsiusque
517 1406 599 1447 Dei
633 1406 849 1455 offensam,
887 1415 931 1447 et
964 1422 1051 1447 suae
1084 1408 1188 1461 legis
1222 1410 1613 1462 transgressionem.

87 1465 217 1506 Unde
248 1480 337 1515 nos,
360 1464 604 1520 hujusmodi
636 1464 906 1519 dampnabile
927 1465 1084 1506 factum
1109 1466 1214 1507 inter
1234 1467 1425 1509 subditos
1448 1479 1615 1511 nostros

85 1524 310 1578 praedictos
345 1523 399 1564 ad
436 1538 583 1564 eorum
616 1522 833 1563 interitum
870 1523 1048 1577 amplius
1082 1539 1261 1580 regnare
1294 1526 1503 1577 nolentes,
1530 1527 1615 1569 imo

84 1582 223 1622 verius
255 1581 309 1622 ad
340 1581 574 1622 animarum
624 1596 794 1622 suarum
830 1581 1023 1631 salutem,
1071 1591 1198 1636 prout
1230 1597 1284 1624 ex
1316 1583 1440 1625 officii
1481 1588 1615 1627 nostri

85 1639 306 1693 pastoralis
336 1638 484 1680 debito
527 1640 814 1695 astringimur,
853 1639 906 1679 de
942 1648 1088 1680 cetero
1129 1650 1347 1695 amputare
1381 1642 1612 1697 cupientes,

78 1698 278 1738 omnibus
310 1696 626 1747 mercatoribus,
651 1706 695 1738 et
726 1695 938 1751 praecipue
959 1697 1184 1747 sutoribus,
1209 1709 1252 1739 et
1274 1700 1424 1741 ceteris
1445 1701 1614 1743 artifici-

84 1755 162 1796 bus
196 1755 375 1797 civitat-is
397 1764 440 1796 et
476 1755 693 1796 dioceseos
731 1755 1043 1804 Dunelmensis,
1069 1756 1244 1797 firmiter
1272 1757 1542 1813 injungimus,
1569 1770 1615 1802 ut

82 1814 138 1855 ab
170 1813 459 1868 empcionibus
492 1822 534 1854 et
555 1812 928 1854 vendicacionibus
965 1813 1221 1868 hujusmodi,
1265 1816 1499 1872 ceterisque
1531 1818 1616 1860 suis

87 1871 242 1913 illicitis
264 1872 492 1921 laboribus,
517 1870 667 1912 diebus
689 1870 909 1912 dominicis
931 1880 973 1911 et
994 1871 1167 1922 festivis,
1191 1873 1467 1928 et,praecipue
1484 1875 1524 1916 in
1544 1876 1613 1918 die

89 1929 263 1971 Veneris
292 1938 468 1979 sanctae,
493 1929 564 1985 qui
596 1929 718 1970 aliter
749 1928 906 1970 dicitur
931 1929 1181 1980 Parasceue,
1206 1931 1259 1972 de
1276 1941 1420 1973 cetero
1442 1935 1614 1976 omnino

85 1988 307 2038 desistant,
331 1987 566 2043 divinisque
588 1987 734 2028 officiis
766 1987 994 2042 diligenter
1024 1987 1263 2039 intendant,
1287 2004 1336 2031 ac
1366 1990 1421 2031 ad
1454 1991 1538 2033 Dei
1569 2002 1613 2034 et

80 2046 276 2088 ecclesiae
310 2046 493 2094 laudem,
531 2045 850 2101 animarumque
885 2060 1053 2087 suarum
1090 2047 1285 2097 salutem,
1323 2049 1501 2090 sabbata
1535 2065 1611 2093 sua

83 2104 328 2160 hujusmodi
355 2103 524 2145 devotis
556 2104 748 2158 precibus
781 2112 823 2145 et
848 2104 1116 2145 oracionibus
1138 2105 1354 2147 celebrare
1394 2108 1609 2160 studeant,

82 2163 163 2202 sub
195 2177 321 2216 poena
345 2161 466 2216 juris,
500 2170 542 2203 et
563 2161 697 2202 eciam
719 2161 952 2202 amissionis
984 2177 1059 2202 sex
1090 2163 1320 2203 solidorum
1352 2173 1396 2205 et
1417 2174 1516 2206 octo
1538 2167 1613 2208 de-

84 2221 313 2269 nariorum,
356 2219 518 2261 tociens
554 2219 753 2275 quociens
785 2234 810 2260 a
840 2234 1107 2275 quocumque
1139 2221 1412 2275 imposterum
1456 2222 1497 2262 in
1530 2223 1609 2265 hac

86 2289 208 2333 parte
240 2277 515 2333 delinquente
546 2277 837 2327 levandorum,
873 2285 914 2317 et
946 2277 1187 2318 elemosinae
1219 2287 1376 2319 nostrae
1398 2280 1611 2335 applican-

84 2336 257 2377 dorum.
323 2335 610 2382 Quamobrem
634 2335 751 2376 vobis
773 2334 966 2375 omnibus
988 2344 1028 2376 et
1054 2335 1226 2389 singulis
1248 2339 1401 2378 curatis
1423 2339 1614 2381 antedic-

89 2395 155 2443 tis,
204 2393 245 2433 in
290 2393 445 2434 virtute
488 2401 646 2434 sanctae
688 2393 962 2443 obedienciae,
995 2403 1039 2434 et
1070 2394 1148 2434 sub
1180 2409 1305 2448 pocna
1339 2405 1612 2452 contemptus

88 2451 268 2493 firmiter
313 2451 573 2508 injungendo
614 2451 873 2501 mandamus,
906 2460 1112 2506 quatenus
1158 2451 1231 2493 has
1263 2461 1424 2495 nostras
1455 2454 1610 2510 literas,

88 2511 174 2550 sive
195 2524 381 2565 praesens
403 2510 620 2550 decretum
644 2508 873 2563 publicum,
907 2510 948 2548 in
981 2509 1167 2550 ecclesiis
1194 2510 1341 2551 vestris
1363 2512 1520 2567 populo
1542 2529 1616 2558 ex-

90 2582 247 2622 ponere
269 2569 424 2608 curetis
443 2583 454 2616 ;
487 2566 622 2608 citetis
645 2567 814 2622 insuper
836 2568 1118 2621 peremptorie
1150 2568 1390 2623 hujusmodi
1413 2571 1611 2616 sabbato-

89 2640 182 2665 rum
216 2625 456 2676 violatores,
495 2625 688 2675 rebelles,
728 2634 771 2666 et
802 2625 1151 2675 contradictores,
1176 2627 1209 2666 si
1241 2641 1346 2682 qnos
1377 2628 1430 2668 de
1453 2638 1611 2674 caetero

90 2683 293 2725 noveritis
314 2699 387 2724 seu
403 2683 647 2724 inveneritis
668 2682 913 2736 culpabiles,
938 2692 983 2723 ut
1006 2694 1277 2737 compareant
1301 2699 1440 2726 coram
1473 2688 1609 2740 nobis,

88 2750 163 2782 aut
195 2752 341 2783 nostro
373 2743 414 2782 in
448 2742 524 2783 hac
561 2751 679 2797 parte
714 2741 1026 2791 Cominissario,
1061 2742 1202 2797 aliquo
1233 2743 1301 2783 die
1335 2752 1484 2785 vestrae
1525 2747 1610 2788 dis-
