1807 2962
659 59 933 93 APPENDIX.
1472 39 1563 87 lxxi

29 180 72 216 et
93 168 402 212 successoribus
424 167 590 218 nostris,
611 167 700 209 sine
722 167 862 223 aliqua
879 165 1113 208 eorundem
1132 162 1447 205 Monachorum
1464 176 1565 203 con-

30 228 298 278 tradictione,
339 228 381 268 in
423 235 678 283 perpetuum
720 224 972 267 remanebit.
1042 224 1150 264 Item
1193 220 1481 268 concedimus,
1521 229 1565 260 et

28 286 230 344 praesenti
263 294 381 327 carta
413 286 725 334 confirmamus,
754 284 891 324 Priori
923 291 966 324 et
990 279 1231 323 Conventui
1265 277 1560 326 Dunelmensi‚

29 354 77 387 ut
98 345 282 386 habeant
308 343 524 398 Capellam
554 343 608 384 de
633 341 818 383 Cornale
839 355 933 381 cum
958 339 1156 381 omuibus
1189 335 1459 392 pertinenciis
1477 336 1562 376 suis

30 412 290 459 spectantem
314 401 368 442 ad
389 400 606 442 matricem
633 399 852 441 ecclesiam
875 399 928 440 de
953 397 1159 447 Norham,
1183 405 1226 437 et
1250 393 1472 449 Capellam
1506 392 1560 434 de

34 460 241 503 Anecroft
258 474 352 501 cum
376 459 570 500 omnibus
592 457 858 513 pertinenciis
881 456 962 497 suis
985 464 1246 510 spectantem
1268 453 1321 494 ad
1343 450 1562 492 matricem

31 518 252 561 ecclesiam
275 517 328 559 de
352 517 497 558 Insula
529 516 571 556 in
605 531 702 556 usus
725 516 917 570 proprios
939 514 978 555 in
1002 521 1274 569 perpetuum.
1342 508 1558 558 Similiter,

30 575 228 633 praesenti
249 575 363 617 carta
384 575 683 615 confirmamus
706 573 764 615 eis
803 573 846 613 in
874 581 1142 627 perpetuum,
1166 570 1209 611 in
1231 567 1425 624 proprios
1446 581 1560 616 usus,

32 634 262 677 Ecclesiam
294 634 348 674 de
373 632 535 673 Dalton
567 646 662 673 cum
695 631 891 672 omnibus
913 628 1186 686 pertinenciis
1207 627 1304 677 suiS,
1329 626 1384 667 ad
1409 625 1560 667 Came-

29 709 121 734 ram
142 692 387 741 eorundem,
411 690 518 732 sicut
540 689 581 730 in
604 690 718 731 carta
740 689 961 731 memorati
979 686 1151 730 Ricardi
1174 686 1226 727 de
1247 685 1434 726 Marisco
1451 697 1561 738 prae-

32 750 261 793 decessoris
294 750 440 799 nostri,
465 764 590 805 quam
623 747 722 789 inde
758 748 931 797 habent,
955 747 1121 801 plenius
1151 744 1416 785 continetur:
1450 741 1565 782 salva

31 808 236 864 perpetua
257 807 409 849 vicaria
432 809 474 848 in
497 806 647 847 eadem
675 804 876 847 Ecclesia.
941 804 1227 847 Concedimus
1251 801 1376 843 etiam
1399 799 1561 841 eisdem

34 866 261 910 Monachis
301 881 385 921 quo
425 868 523 921 [sic]
546 865 734 906 habeant
774 864 814 905 in
839 872 1092 920 perpetuum
1116 861 1293 902 liberum
1318 874 1440 915 aquae
1462 857 1566 898 duc-

35 935 126 966 tum
148 940 223 980 per
246 933 400 965 terram
415 933 615 973 nostram,
634 922 793 964 scilicet
807 932 893 964 tam
908 937 983 976 per
1001 930 1155 962 terram
1174 934 1300 975 quam
1321 932 1394 972 per
1408 930 1563 972 aquam

33 983 124 1024 sine
174 982 395 1023 manifesto
442 981 628 1037 dampno
669 990 814 1022 nostro
857 981 925 1021 vel
966 993 1259 1020 successorum
1308 988 1561 1017 nostrorum.

39 1041 341 1083 Remanebunt
382 1048 526 1081 autem
558 1039 736 1096 integrae
769 1038 889 1080 nobis
922 1049 964 1080 et
995 1036 1306 1078 successoribus
1337 1033 1491 1074 nostris
1524 1031 1567 1072 in

36 1108 289 1154 perpetuum
321 1097 438 1139 bosci
460 1098 512 1139 de
540 1097 825 1145 Brakenholm
849 1106 892 1138 et
929 1097 983 1137 de
1012 1095 1202 1144 Wdhale,
1227 1093 1343 1134 salvo
1368 1091 1503 1133 Priori
1527 1100 1570 1132 et

40 1155 269 1200 NIonachis
302 1155 661 1198 Dunelmensibus
695 1155 736 1195 in
772 1164 1027 1212 perpetuum
1063 1155 1194 1194 bosco
1228 1167 1305 1192 suo
1337 1150 1390 1191 de
1431 1150 1569 1190 Hem-

38 1215 230 1256 minburc
266 1229 342 1268 per
375 1226 511 1255 certas
545 1214 697 1255 divisas
726 1229 836 1257 suas.
903 1212 1226 1254 Reservavimus
1251 1224 1349 1250 vero
1372 1207 1492 1248 nobis
1524 1217 1571 1248 et

39 1272 345 1314 successoribus
369 1272 518 1313 nostris
542 1272 583 1312 in
607 1282 861 1327 perpetuum
884 1271 1082 1312 forestam
1105 1277 1306 1309 nostram.
1362 1267 1430 1307 Ita
1450 1266 1566 1320 quod

39 1331 144 1373 dicti
169 1330 290 1372 Prior
326 1339 368 1372 et
401 1330 607 1371 Monachi
628 1331 933 1371 Dunelmenses
954 1344 1036 1370 non
1058 1335 1259 1382 poterunt
1282 1325 1321 1364 in
1346 1324 1395 1365 ea
1417 1338 1569 1378 capere

38 1390 212 1431 buscam
248 1389 314 1430 vel
339 1388 600 1439 maremiuIn,
625 1387 700 1429 nisi
734 1404 788 1429 ex
809 1387 951 1443 gracia
972 1397 1014 1428 et
1037 1384 1211 1427 licencia
1231 1382 1373 1424 nostra
1404 1390 1447 1423 et
1479 1396 1572 1422 suc-

41 1462 260 1489 cessorum
283 1448 349 1488 vel
370 1446 620 1488 ballivorum
655 1458 910 1488 nostrorum.
994 1446 1155 1486 Locum
1180 1458 1281 1483 vero
1303 1440 1374 1496 qui
1396 1448 1573 1481 vocatur

43 1506 194 1548 Lauda
218 1505 303 1547 Dei
320 1521 415 1546 cum
440 1504 708 1559 pertinenciis
730 1505 812 1546 suis
835 1503 1107 1546 concedimus
1130 1511 1171 1543 et
1195 1501 1494 1542 confirmamus
1528 1497 1571 1538 in

40 1574 292 1620 perpetuum
318 1563 575 1605 Sacristariae
607 1562 899 1612 Dunelmensi,
924 1562 1029 1602 sicut
1053 1561 1169 1601 illum
1192 1559 1335 1600 locum
1359 1556 1505 1598 habuit
1528 1564 1572 1596 et

43 1622 177 1664 tenuit
198 1622 329 1663 frater
357 1621 561 1662 Ranulfus
584 1622 637 1663 de
664 1622 779 1662 dono
807 1620 1007 1675 Hugonis
1029 1618 1242 1674 quondam
1269 1615 1571 1656 Dunelmensis

44 1680 263 1736 Episcopi.
324 1680 393 1721 Ad
417 1679 509 1720 haec
531 1679 818 1728 concedimus,
843 1688 886 1720 et
905 1677 1100 1733 praesenti
1123 1676 1239 1717 carta
1259 1674 1571 1721 confirmamus,

42 1753 120 1794 pro
142 1739 263 1779 nobis
287 1746 329 1779 et
351 1738 662 1779 successoribus
686 1737 854 1787 nostris,
880 1737 995 1793 quod
1026 1735 1128 1776 dicti
1155 1735 1277 1776 Prior
1297 1742 1341 1773 et
1366 1730 1573 1772 lVIonachi

44 1797 359 1838 Dunelmenses
381 1796 566 1837 habeant
588 1805 628 1837 et
653 1805 828 1837 teneant
859 1794 900 1836 in
935 1803 1184 1849 perpetuum
1200 1792 1377 1833 boscum
1400 1789 1453 1830 de
1478 1788 1575 1829 He„

43 1855 150 1897 wrth
174 1869 249 1909 per
270 1854 344 1895 has
367 1853 529 1904 divisas,
543 1854 704 1895 scilicet
726 1863 861 1895 totum
882 1854 1060 1894 boscum
1082 1861 1126 1893 et
1147 1858 1280 1892 totam
1304 1857 1460 1889 terram
1477 1861 1575 1887 cum

43 1913 214 1968 pastura
245 1927 299 1954 ex
331 1912 528 1953 orientali
549 1921 669 1967 parte
701 1912 754 1953 de
780 1911 1054 1961 Mereburne,
1078 1909 1244 1950 desicut
1266 1906 1397 1947 currit
1420 1905 1462 1946 in
1486 1905 1576 1959 Ty-

43 1986 142 2012 nam
165 1986 306 2011 versus
340 1985 469 2011 mare.
533 1970 589 2012 Et
610 1970 652 2010 in
682 1968 1129 2024 recompensacionem
1151 1966 1277 2021 hujus
1299 1973 1454 2005 nostrae
1476 1978 1578 2004 con-

46 2028 241 2070 cessionis
278 2038 321 2070 et
362 2028 712 2078 confirmacionis,
746 2028 799 2069 de
832 2042 1002 2069 assensu
1040 2035 1082 2067 et
1113 2025 1334 2066 voluntate
1366 2022 1578 2063 dictorum

46 2087 372 2136 Monachorum,
397 2086 513 2127 locus
536 2086 604 2128 ille
626 2087 698 2142 qui
720 2085 875 2128 (licitur
899 2084 1121 2133 Yreshale,
1147 2098 1243 2124 cum
1266 2080 1459 2121 omnibus
1483 2094 1582 2134 per·-

46 2144 236 2185 tinenciis
259 2144 355 2194 suis,
379 2144 614 2186 remanebit
636 2145 677 2185 in
700 2153 952 2200 perpetuum
986 2144 1027 2183 in
1058 2140 1326 2183 ordinatione
1358 2147 1504 2179 nostra
1535 2146 1580 2178 et

47 2217 331 2243 successorum
354 2211 622 2252 nostrorumg,
654 2203 713 2244 ita
733 2201 848 2258 quod
879 2200 1196 2257 providebimus
1218 2197 1400 2253 qualiter
1421 2196 1581 2236 elemo-

47 2261 137 2301 sina
157 2260 306 2301 futuris
325 2260 585 2315 temporibus
600 2261 783 2304 durabit.
858 2259 1058 2301 Similiter
1080 2259 1195 2299 locus
1218 2256 1287 2296 ille
1310 2254 1382 2310 qui
1405 2262 1582 2294 vocatur

51 2317 250 2373 Sateleya
269 2332 367 2358 cum
388 2318 657 2372 pertinenciis
679 2319 776 2359 suis.
838 2318 953 2358 Villa
974 2316 1100 2357 etiam
1123 2315 1176 2355 de
1205 2313 1343 2366 Ruley
1366 2326 1462 2352 cum
1485 2325 1582 2364 per-

50 2375 243 2416 tinenciis
265 2376 362 2423 suis,
387 2376 500 2416 salva
533 2377 709 2430 Capella
739 2375 931 2430 ejusdam
964 2373 1075 2413 villae
1109 2370 1274 2413 matrici
1300 2369 1503 2410 Ecclesiae
1525 2368 1581 2408 de

53 2431 372 2485 Mukelingwic,
395 2433 515 2473 nobis
538 2442 580 2474 et
603 2432 912 2475 successoribus
935 2432 1085 2471 nostris
1107 2430 1149 2470 in
1171 2436 1426 2484 perpetuum
1446 2441 1585 2466 rema-

51 2488 182 2532 nebit.
245 2490 391 2539 Quare
427 2491 622 2531 volumus
645 2501 686 2532 et
715 2491 988 2532 concedimus
1010 2498 1054 2530 et
1071 2485 1267 2543 praesenti
1298 2485 1413 2525 carta
1429 2484 1587 2524 confir-

52 2562 213 2589 mamus
236 2563 312 2603 pro
335 2548 456 2590 nobis
473 2558 517 2590 et
531 2548 842 2590 successoribus
864 2546 1016 2588 nostris
1039 2545 1154 2602 quod
1176 2542 1369 2599 praedicti
1397 2541 1517 2583 Prior
1539 2552 1581 2582 et

58 2606 261 2648 Monachi
286 2606 595 2648 Dunelmenses
631 2607 817 2648 habeant
853 2614 896 2647 et
929 2612 1101 2646 teneant
1124 2603 1164 2643 in
1186 2610 1439 2657 perpetuum
1463 2600 1586 2654 plene

56 2674 99 2705 et
121 2664 296 2718 integre,
312 2663 443 2706 libere
459 2673 499 2705 et
514 2664 704 2719 pacifice,
729 2664 870 2705 onmia
887 2679 981 2719 quaa
1006 2664 1063 2703 eis
1083 2662 1123 2702 in
1149 2660 1280 2701 forma
1303 2656 1587 2713 suprascripta

59 2722 355 2765 concessimus.
444 2723 635 2765 Retentis
659 2724 776 2765 nobis¹
800 2731 842 2765 et
865 2721 1176 2764 successoribus
1201 2717 1351 2761 nostris
1375 2719 1415 2759 in
1440 2730 1593 2771 perpe-
