1807 2962
221 88 315 148 xlvi
522 103 657 146 1‘1'1s‘r.
685 100 922 145 DUNEL'M.
951 99 1260 145 SCRI'PTORES
1287 101 1436 146 TRESL·

221 221 285 263 bit
305 221 379 271 eis,
404 220 437 262 si
469 220 693 271 voluerint,
727 235 806 276 pro
838 219 1012 261 caritate
1044 227 1087 261 et
1116 219 1397 261 exilaracione
1419 220 1650 262 eorundem
1673 224 1761 277 posss

221 290 337 329 tare3
361 279 594 320 dummodo
616 286 700 319 non
733 279 946 319 excedant
977 277 1019 318 in
1051 288 1171 319 mora
1193 279 1265 319 vel*
1281 289 1474 319 mensura
1495 279 1757 333 potacioniss

220 352 299 393 per
338 352 465 394 quam
496 336 694 391 surripiat
725 335 856 376 nimia
886 334 1057 376 satietas
1088 345 1161 376 aut
1192 336 1386 385 ebrietas,
1428 351 1524 392 quae
1565 337 1748 379 maxime

220 395 432 437 contraria
462 403 526 436 est
546 394 643 435 viris
665 392 883 450 religiosis.
947 392 991 435 Si
1018 393 1123 433 nulli
1147 392 1229 434 sint
1251 393 1447 448 hospites,
1471 394 1683 449 dispositis
1705 406 1749 436 et

219 451 424 495 ordinatis
446 468 541 509 quae
564 453 606 493 in
629 451 773 492 officiis
805 452 887 491 suis
913 460 1011 491 sunt
1033 450 1297 505 disponenda
1318 461 1362 492 et
1383 452 1630 502 ordinanda,
1654 454 1748 494 sine⁴

218 521 341 553 mora
371 521 415 552 et
446 511 674 567 potacione
710 509 764 550 ad
795 509 928 550 lectos
959 523 1055 549 suos
1078 518 1359 550 revertantur.
1424 509 1545 550 Idem
1567 509 1747 551 dicimus

218 569 272 610 de
294 571 470 611 reversis
488 585 513 610 a
532 568 614 617 via,
638 576 814 622 accepta
834 575 975 608 tamen
997 566 1230 607 secundum
1248 566 1596 608 consuetudinem
1616 568 1747 609 bene-

218 627 424 669 diccione.
491 627 653 668 Omnes
685 625 753 667 alii
786 625 828 665 in
861 639 992 665 unum
1014 625 1143 680 positi
1165 624 1287 665 simul
1309 625 1561 680 compleant,
1585 634 1626 666 et
1648 635 1750 680 post*

218 686 542 740 completorium
583 683 700 724 nulla
735 684 788 724 sit
824 684 1021 738 cuiquam
1059 682 1233 724 licencia
1273 683 1415 723 denuo
1443 683 1643 733 exeundi,
1668 684 1751 725 nisi'

217 744 450 784 secundum
482 742 597 799 quod
627 741 782 783 dicitur
813 741 853 781 in
884 741 1032 795 regula
1052 744 1142 782 Pro
1172 743 1406 782 necessitate
1435 748 1599 794 umente
1619 748 1657 782 et
1676 755 1746 783 nea

212 804 343 854 90cz'is
374 803 549 843 ecclesiae
568 801 827 853 expediendis
850 799 972 839 Prior
993 798 1117 840 alicui
1148 799 1266 839 fratri
1298 799 1455 855 aliquid
1478 799 1677 853 jusserit3
1701 809 1746 841 et

215 859 297 900 hoc
331 860 406 900 fiat
438 874 535 900 cum
572 857 686 899 omni
719 856 979 898 discrecione
1011 866 1054 898 et
1087 856 1344 897 maturitate.
1407 857 1464 897 Et
1487 857 1584 898 licet
1606 858 1747 899 omnis·

214 917 394 958 licencia
414 917 466 958 sit
483 917 525 957 in
545 915 688 970 gracia
708 924 751 956 et
771 923 983 970 potestate
1006 915 1289 969 praesidentis,
1315 923 1360 955 ut
1382 913 1423 954 in
1447 930 1499 955 eo
1517 915 1570 955 sit
1592 930 1745 956 conce-

214 975 331 1025 dere,
375 975 443 1016 vel
484 990 571 1015 non
611 974 857 1022 concedere,
901 973 1132 1013 secundum
1178 973 1293 1028 quod
1326 972 1478 1013 viderit
1520 972 1746 1027 expedire,

211 1042 368 1083 tamen,
406 1034 507 1089 quia
529 1033 775 1074 Conventus
813 1038 963 1084 sponte
995 1030 1259 1072 renunciavit
1290 1030 1442 1071 talibus
1465 1030 1648 1072 licenciis
1671 1046 1744 1086 pe-

214 1091 353 1133 tendis
375 1093 417 1132 in
440 1101 705 1145 perpetuum,
730 1098 776 1130 ut
797 1103 881 1129 non
905 1097 1062 1129 exeant
1087 1097 1182 1143 post
1205 1088 1541 1142 completorium,
1566 1088 1664 1144 quia
1686 1090 1747 1131 ad

212 1150 295 1191 hoc
328 1149 457 1191 trahit
488 1163 559 1189 eos
591 1148 783 1196 affectus,
818 1146 933 1186 zelus
971 1146 1147 1195 ordinis,
1182 1146 1376 1196 devocio,
1408 1146 1608 1187 honestas
1640 1147 1739 1188 vitae

212 1217 256 1249 et
295 1207 405 1248 salus
442 1205 706 1253 animar'um3
738 1203 942 1245 concessit
975 1203 1032 1244 eis
1060 1203 1181 1244 Prior
1203 1204 1504 1245 Dunelmeusis
1527 1219 1556 1244 x
1578 1219 1747 1247 mareas·

210 1280 373 1307 annuas
406 1264 460 1305 de
496 1262 699 1318 pensione
731 1263 784 1303 de
811 1261 1064 1316 Siglestona‚
1088 1276 1163 1316 per
1185 1276 1352 1302 manum
1388 1263 1605 1303 camerarii
1644 1263 1738 1305 Du-¹

209 1323 433 1364 nelmensis
469 1321 541 1378 qui
572 1329 651 1376 pro
683 1329 874 1375 tempore
905 1320 1034 1360 fuerit
1063 1319 1341 1374 recipi‘endaS‚
1366 1320 1418 1360 ad
1442 1320 1601 1374 species
1623 1336 1747 1362 com:

208 1381 432 1437 paraudOS,
475 1379 707 1421 secundum
744 1377 965 1419 arbitrium
1011 1377 1249 1432 Supprioris
1293 1378 1605 1420 Dunelmeusis.
1692 1379 1745 1420 Si*

208 1449 353 1481 autem
375 1438 505 1494 aliqui
526 1437 676 1478 fratres
698 1445 809 1477 stent
832 1437 873 1477 iu
897 1450 1041 1476 mensa
1062 1451 1156 1476 cum
1180 1435 1322 1491 aliquo
1345 1435 1512 1490 hospite
1534 1435 1573 1476 in
1597 1452 1737 1487 coena,

205 1506 250 1539 et
281 1513 367 1539 non
400 1496 529 1552 possit
560 1510 783 1537 occurrere
814 1494 868 1535 ad
899 1494 1175 1535 collacionem
1199 1494 1263 1534 vel
1285 1494 1607 1549 completorium
1630 1495 1742 1536 hora

205 1555 480 1611 competenti,
506 1562 548 1595 et
578 1562 738 1595 certum
760 1561 823 1594 est
846 1552 960 1608 quod
983 1552 1041 1593 ita
1062 1560 1140 1601 est,
1165 1567 1259 1592 cum
1278 1561 1421 1592 amota
1442 1551 1569 1593 fuerit
1591 1560 1740 1594 mensa'

206 1615 260 1656 ab
292 1614 366 1664 eis,
400 1613 550 1654 bibant
576 1611 609 1652 si
640 1612 849 1653 voluerint
873 1611 934 1651 bis
958 1610 1023 1651 vel
1045 1618 1138 1658 ter3
1171 1620 1215 1650 et
1235 1609 1315 1650 hoc
1339 1609 1553 1664 expedite,
1578 1619 1621 1651 et
1643 1610 1736 1652 sine·

203 1686 360 1727 magna
381 1671 685 1726 protraccione,
709 1679 751 1710 et
774 1678 922 1724 postea
943 1667 1183 1709 immediate
1204 1668 1379 1709 redeant
1402 1667 1455 1708 ad
1473 1668 1698 1710 claustrum
1720 1674 1739 1710 τ’

203 1738 497 1786 nec‘quaerant
519 1728 766 1770 diverticula
788 1738 863 1768 nec
885 1726 967 1768 alia
988 1727 1081 1767 loca
1102 1725 1351 1780 potacioniS,
1374 1740 1453 1766 nec
1486 1735 1737 1781 separentur

204 1784 258 1830 ab
281 1788 475 1837 invicem,
509 1787 583 1828 sed
605 1801 752 1827 omnes
775 1794 928 1826 canant
945 1784 1068 1825 simul
1089 1784 1424 1838 completorium,
1450 1793 1493 1824 et
1514 1785 1637 1825 simul
1659 1798 1738 1825 cu-'

203 1847 342 1888 bitum
375 1846 558 1893 vadant3
593 1857 639 1885 ut
670 1843 847 1900 quilibet
878 1842 999 1883 alteri
1031 1842 1280 1891 sobrietatis,
1315 1843 1505 1883 honestae
1539 1844 1652 1891 vitae,
1686 1852 1730 1884 et

203 1903 537 1945 conversacionis
575 1902 861 1942 testimonium
899 1900 1136 1956 perhibeat.
1219 1900 1316 1940 Hoc
1353 1908 1492 1940 tamen
1531 1900 1728 1942 omnibus

205 1962 340 2003 modis
359 1961 610 2016 provideant
628 1968 670 2000 et
688 1967 917 2013 procurent
941 1956 1175 1998 Hostillarii
1193 1965 1234 1997 et
1251 1957 1454 1998 Celerarii
1472 1966 1518 1998 ut
1536 1958 1735 2012 hospites·

202 2030 394 2074 tempore
417 2018 562 2059 debito
578 2017 771 2057 reficiant
789 2025 831 2057 et
845 2024 1015 2056 coenent
1034 2030 1046 2063 3
1069 2024 1114 2055 ut
1129 2015 1278 2056 fratres
1295 2030 1389 2056 cum
1410 2015 1469 2056 eis
1488 2016 1727 2058 reficientes

199 2078 255 2119 ad
278 2077 401 2118 horas
423 2075 564 2132 posint
587 2083 873 2129 competentes
888 2088 1110 2114 occurrere
1125 2081 1317 2116 statutas,
1385 2073 1440 2114 Et
1457 2088 1587 2129 quum
1604 2086 1733 2130 aquae‘

199 2135 369 2178 furtivae
391 2134 601 2176 dulciores
623 2134 775 2183 sint,et
796 2131 913 2187 panis
931 2131 1202 2172 absconditus
1216 2131 1396 2181 suavior,
1420 2131 1593 2173 nitimur
1614 2133 1730 2173 enim

197 2195 241 2235 in
264 2193 441 2235 vetitum
464 2206 629 2246 semper
649 2192 924 2246 cupimusque
947 2199 1111 2244 negata,
1136 2189 1247 2230 circa
1268 2190 1621 2243 transgredientes
1643 2190 1724 2232 hoc

194 2260 414 2301 statutum,
435 2266 487 2292 ne
505 2250 732 2304 impunitas
749 2248 1031 2304 delinquenti-s
1046 2247 1179 2302 pariat
1194 2247 1413 2288 audaciam
1431 2247 1720 2304 delinquendi,

197 2309 497 2352 racionabilem
535 2307 796 2349 decrevimus
833 2306 1022 2361 infligere
1052 2321 1234 2360 poenam·
1299 2306 1341 2347 Si
1364 2305 1455 2361 quis
1481 2306 1613 2346 frater
1634 2321 1721 2347 suae

197 2368 355 2418 salutis,
394 2366 671 2416 obedienciae,
711 2375 754 2407 et
789 2365 1036 2414 honestatis,
1073 2364 1308 2412 immernor,
1346 2363 1500 2404 furtive
1531 2379 1721 2420 egressus

196 2426 323 2468 fuerit.
356 2434 452 2482 post
487 2422 828 2479 completorium,
853 2432 895 2464 et
931 2421 1179 2464 adulterinis
1210 2421 1509 2477 potacionibus
1541 2431 1583 2462 et
1605 2422 1720 2462 vanis

193 2483 610 2527 confabulacionibus
646 2497 690 2523 se
727 2481 1012 2530 immiscuerit,
1036 2480 1078 2520 in
1110 2495 1222 2535 pane
1244 2489 1286 2520 et
1309 2495 1418 2535 aqua
1438 2481 1491 2520 sit
1511 2479 1552 2519 iu
1575 2480 1720 2520 crasti-

193 2559 309 2594 num,
345 2543 433 2583 sine
470 2541 610 2597 aliqua
645 2540 985 2595 dispensacione,
1009 2538 1087 2579 nisi
1118 2538 1245 2578 fuerit
1277 2537 1366 2578 dies
1388 2537 1643 2592 solempnis;
1676 2548 1718 2578 et

192 2611 292 2643 tunc
329 2600 548 2641 differatur
588 2597 845 2654 poenitencia
878 2599 920 2638 in
953 2597 1102 2638 feriam
1138 2605 1419 2652 sequentem3
1452 2604 1497 2636 ut
1529 2595 1571 2635 iu
1613 2604 1716 2650 potu

189 2659 388 2714 puniatur
405 2657 475 2714 qui
499 2657 540 2698 in
563 2666 667 2711 potu
689 2655 883 2712 deliquit.
947 2656 1005 2696 Et
1036 2654 1135 2710 quia
1152 2654 1191 2694 iu
1214 2654 1365 2695 fabulis
1388 2653 1536 2694 ociosis
1558 2652 1718 2694 inordi—

191 2727 288 2757 nate
322 2726 487 2771 tempus
520 2730 640 2755 suum
674 2715 802 2756 modo
825 2713 1042 2767 illegitimo
1064 2713 1337 2766 consumpsit,
1360 2711 1562 2752 adicimus
1585 2712 1713 2766 quod,

192 2789 267 2829 per
303 2772 582 2831 quadraginta
617 2772 720 2823 dies,
754 2772 1025 2814 subtrahatur
1058 2770 1100 2812 ei·
1132 2769 1309 2811 licencia
1338 2786 1362 2811 a
1394 2769 1631 2824 presidente
1664 2783 1716 2809 ne
