1807 2962
530 128 801 161 Arrssnmx.
830 128 949 159 ANN.
978 126 1155 158 MDvu.
1419 111 1591 158 xcccc-iii

169 443 328 474 CCCXV.
365 444 614 472 CONCESSIO
640 443 811 471 OFFICII
835 440 1147 470 SENESCHALLI
1171 441 1229 468 DE
1255 439 1471 467 HEMYNG-

486 502 649 529 BURGH
676 500 939 528 WILLIELMO
963 500 1155 527 PERCYE.

542 597 647 640 [Reg.
673 595 737 627 lv.
763 595 864 626 Pam
882 593 941 629 fol.
960 595 1023 626 146
1039 594 1091 635 bs]

117 689 338 730 Universis
386 690 544 732 Christi
595 689 792 730 fidelibus
842 696 1071 743 praesentes
1120 686 1266 727 literas
1318 684 1581 739 inspecturis,

54 747 262 797 Thomas,
297 748 568 801 permissione
602 747 746 788 divina
772 745 894 787 Prior
921 745 1111 787 ecelesiae
1144 744 1396 784 cathedralis
1425 741 1583 781 Dunel-

50 804 217 853 mensis,
240 805 414 846 salutem
448 805 490 845 in
525 805 713 846 Domino
744 804 1056 857 sempiternam.
1123 803 1270 843 &clans-
1293 801 1405 856 quod
1431 815 1505 839 nos
1528 800 1582 839 (le

51 861 259 902 fidelitate
295 873 339 903 et
381 861 773 916 circumspeccionis
807 861 1013 902 industria
1053 860 1204 901 nobilis
1248 859 1323 898 viri
1373 857 1582 897 Wiliielmi

55 918 205 973 Percy,
228 919 367 960 fratris
389 920 631 961 nobilissimi
656 919 731 959 viri
754 919 920 959 domini
949 918 1125 959 Henrici
1152 918 1330 958 Comitis
1354 915 1583 956 Northuni-

51 975 174 1026 briae,
213 977 376 1031 plenam
413 978 455 1018 -in
493 978 680 1018 Domino
712 976 908 1017 fiduciam
943 984 1220 1030 reportantes,
1252 974 1384 1028 ipsum
1416 972 1584 1012 Williel-

52 1048 167 1073 mum
191 1035 485 1076 constituimus
518 1044 560 1077 et
581 1035 824 1075 ordinamus
845 1034 1153 1075 seneschallum
1177 1043 1366 1072 nostrum
1390 1030 1583 1070 villarum

53 1091 107 1133 de
154 1092 550 1149 Hemmynburghe,
593 1092 920 1140 Brakenholme‚
963 1091 1185 1140 Wodhall‚
1231 1089 1499 1142 Hundesley,
1538 1096 1581 1128 et

54 1149 275 1197 Drewton‚
300 1166 395 1191 cnm
438 1166 580 1191 earnm
624 1148 904 1205 pertinenciiS,
938 1164 1012 1202 per
1043 1157 1287 1202 praesentes,
1354 1147 1418 1187 lta
1440 1155 1580 1185 tamen

52 1207 167 1261 quod
189 1207 347 1249 dictum
370 1208 567 1257 officium,
593 1217 635 1248 et
657 1223 707 1248 ea
724 1222 819 1263 quae
842 1207 978 1247 eidem
998 1206 1135 1246 officio
1153 1205 1403 1246 incumbunt
1422 1203 1580 1251 debita,

51 1264 177 1305 faciat
211 1275 251 1306 et
283 1277 496 1315 exerceat,
526 1281 601 1320 per
622 1281 665 1306 se
686 1266 752 1305 vel
777 1280 893 1305 sunm
917 1264 1192 1304 sufficientem
1217 1263 1481 1316 deputatum,
1506 1276 1582 1315 pro

53 1337 138 1377 quo
175 1323 297 1363 nobis
333 1324 589 1378 respondere
626 1323 823 1371 voluerit,
859 1332 984 1375 prout
1021 1336 1096 1375 pro
1129 1321 1312 1361 utilitate
1343 1329 1386 1360 et
1420 1320 1580 1359 honore

54 1379 203 1420 nostris
225 1389 268 1420 et
290 1382 480 1422 ecclesiae
503 1391 658 1422 nostrae
675 1380 927 1420 cathedralis
946 1380 1163 1434 praedictae
1180 1379 1339 1418 fuerint
1361 1377 1579 1423 faeiendm

50 1437 324 1492 percipiendo
346 1439 444 1480 inde
466 1440 680 1480 annuatim
703 1438 757 1478 de
780 1438 898 1478 nobis
915 1447 958 1478 et
980 1436 1288 1478 successoribus
1307 1434 1459 1476 nostris
1481 1449 1581 1474 eou-

53 1496 202 1536 similia
226 1496 353 1537 feoda
367 1505 408 1537 et
427 1497 713 1538 emolumenta
729 1497 835 1536 sieut
860 1495 1011 1535 nobilis
1029 1495 1090 1535 vir
1103 1495 1318 1536 ,Iohannes
1348 1493 1580 1546 Haistyngs

50 1553 263 1609 quondam
297 1554 425 1604 miles,
449 1555 700 1609 praedictnm
738 1568 873 1608 nuper
903 1568 1106 1594 exercens
1136 1552 1338 1601 officium,
1359 1550 1581 1605 percipere

53 1612 272 1652 consuevit
314 1612 355 1652 in
396 1613 560 1652 eodem.
628 1612 758 1653 Unde
799 1611 994 1651 omnibus
1027 1619 1069 1651 et
1099 1609 1273 1663 singulis
1308 1608 1505 1648 ministris
1538 1619 1580 1648 et

53 1670 293 1709 tenentibus
317 1671 467 1709 nostris
501 1670 672 1718 ibidem,
697 1683 876 1724 quorum
899 1670 1087 1712 interest,
1112 1669 1288 1707 firmiter
1310 1666 1578 1720 injungimus,

53 1726 167 1781 quod
189 1727 367 1780 praefato
411 1728 631 1768 Willielmo
661 1736 702 1766 et
734 1742 810 1766 suo
832 1726 872 1765 in
897 1725 973 1765 hac
997 1738 1115 1778 parte
1138 1725 1356 1778 deputato,
1381 1734 1580 1778 tanquam

55 1784 317 1824 seneschalli)
354 1795 513 1832 nostro,
553 1787 596 1825 in
633 1784 829 1825 omnibus
862 1793 904 1823 et
941 1782 1118 1839 singulis
1140 1783 1191 1822 ad
1216 1782 1373 1822 dictum
1397 1782 1581 1821 officium

53 1841 359 1895 pertinentibus
382 1843 598 1891 obediant,
623 1851 798 1897 pareant
822 1850 863 1881 et
886 1840 1125 1880 intendant.
1180 1840 1228 1880 In
1253 1839 1372 1893 cnjus
1387 1840 1447 1879 rei
1465 1841 1583 1878 testi.-

51 1898 240 1939 monium
282 1899 463 1953 sigillum
496 1911 684 1941 nostrum
719 1900 997 1953 praesentibus
1039 1906 1100 1937 est
1143 1911 1391 1951 appensum.
1464 1896 1582 1937 Data

53 1955 273 2006 Dunelmi‚
317 1962 480 1998 xvl11¹¹¹⁰
519 1958 587 1998 die
630 1957 782 1998 mensis
824 1955 940 2004 Julii,
985 1970 1099 1996 anno
1141 1953 1319 1996 Domini
1359 1953 1581 1994 millesimo

55 2013 393 2069 quingentesimo
415 2024 579 2071 quarto.

462 2304 636 2333 CCCXVI.
672 2303 963 2331 CELEBRACIO
987 2303 1167 2330 SYNODI,

662 2395 771 2439 [Reg⁴
796 2396 842 2426 V,
867 2395 889 2427 f.
908 2398 968 2438 883

130 2488 379 2530 Celebracio
431 2499 588 2529 sanctae
639 2488 788 2543 synodi
839 2489 881 2528 in
925 2487 1018 2528 navi
1066 2488 1270 2529 Ecclesiae
1314 2490 1578 2533 Cathedralis

56 2546 370 2595 Dunelmensis,
393 2546 505 2586 facta
525 2560 667 2586 coram
690 2545 920 2586 venerabili
943 2555 1062 2600 patre
1081 2545 1251 2587 'l'homa
1275 2548 1422 2588 Priore
1444 2551 1580 2590 eccle-

57 2603 131 2644 siae
164 2604 429 2644 Cathedralis
451 2603 667 2657 predictae,
692 2614 736 2643 et
767 2603 846 2644 hiis
868 2618 1009 2643 seeum
1031 2605 1073 2643 in
1094 2603 1211 2643 sedili
1234 2606 1576 2657 consedentibus,

57 2661 136 2701 viz.
169 2661 342 2701 domino
378 2661 569 2701 Roberto
604 2661 830 2703 Chambre,
861 2661 1036 2701 Decano
1058 2661 1244 2702 ecelesiae
1267 2663 1501 2716 collegiatae
1524 2666 1577 2706 de

60 2717 225 2758 Cestria
257 2718 298 2757 in
340 2719 482 2758 Strata
515 2733 561 2758 ac
601 2718 865 2759 Cancellario
899 2717 1221 2771 temporalitatis
1243 2731 1434 2774 tempore
1457 2736 1578 2762 vaea-

58 2775 187 2816 cionis
205 2775 311 2816 sedis
330 2774 642 2824 Dunelmensis,
663 2790 738 2829 per
754 2775 974 2816 dominum
998 2775 1158 2830 Regem
1176 2779 1421 2827 constituto,
1442 2780 1576 2833 primo

759 2836 783 2872 2
809 2846 830 2872 c
855 2837 881 2872 52
