1807 2962
211 84 348 131 xxxiv
498 95 633 127 ms‘r.
662 94 897 126 DUNELM.
927 84 1234 128 sc'mPTORES
1259 95 1404 128 rans.

211 207 292 247 fiee
326 212 484 253 teneat,
520 212 564 245 et
596 202 763 258 operari
794 203 835 243 in
859 202 930 244 illa
950 202 1077 243 faciat
1096 218 1106 252 ;
1140 217 1197 243 ne
1216 217 1343 257 snper
1364 201 1446 242 hoc
1468 200 1618 258 ailquis
1640 216 1741 244 eum

213 263 281 304 vei
302 278 400 304 suos
423 261 520 302 inde
543 261 769 304 disturbet.
825 260 1026 302 Testibns
1053 258 1248 302 Hem-ico
1266 261 1319 302 de
1340 260 1475 301 Essex
1493 268 1536 301 et
1556 259 1745 301 Ricardo

214 322 269 362 de
292 320 400 362 Luci
423 328 467 362 et
495 319 716 360 willielmo
741 317 868 360 Mart’
889 333 900 366 ;
922 318 1036 374 apud
1060 318 1216 361 Lond'.

328 530 491 561 XXVIII.
527 530 681 558 BULLA
710 530 949 557 ANASTACH
978 530 1102 558 PAPAE
1132 530 1203 557 1111
1233 530 1460 558 CONCESSA
1483 530 1628 557 ΟΜΝΙ·

332 589 418 618 BUS
453 587 867 616 BENEFACTORIBUS
901 586 1121 615 FRATRUM
1154 586 1383 616 ECCLESIAE
1416 588 1626 624 DUNELM,

332 649 389 675 DE
432 648 490 674 XL
529 647 699 674 DIEBUS'
739 646 1073 674 INDULGENCIAE
1107 646 1328 674 TEMPORE
1367 645 1624 674 LAURENCH

331 705 518 733 Psslossls
543 704 752 732 DUNELM.
777 706 819 733 A.
842 705 883 732 D.
907 690 1105 735 Meum*

809 782 923 824 [Cart.
942 783 972 815 1.
987 782 1013 814 f.
1027 783 1082 815 40.
1099 783 1150 826 b.]

274 862 522 904 Anastasius
560 861 810 916 Episcopus,
848 877 991 902 servus
1028 875 1245 902 servorum
1284 859 1384 910 Dei,
1419 858 1625 900 universis
1657 858 1744 901 De}

214 921 414 962 fidelibus
448 920 560 974 apud
595 920 812 960 ecclesiam
852 919 996 961 Sancti
1023 919 1250 961 Cuthberti
1272 917 1440 973 pietatis
1463 917 1617 958 intuitu
1641 933 1744 958 con-

214 978 455 1036 gregandis,
479 979 657 1019 salutem
681 987 725 1018 et
747 979 1022 1031 apostolicam
1044 976 1399 1018 benedictionem.
1467 974 1554 1023 Qui
1574 973 1743 1016 celestis

212 1037 363 1092 patriae
397 1038 505 1077 viam
538 1035 727 1077 invenire
758 1036 1018 1084 desiderant,
1043 1046 1085 1076 et
1106 1050 1180 1089 per
1202 1048 1294 1076 eam
1317 1032 1527 1088 gradatim
1548 1033 1601 1074 ad
1623 1033 1743 1087 polo-

213 1110 305 1135 rum
340 1110 505 1134 summa
535 1093 834 1142 conscendere,
870 1101 1038 1147 oportet
1070 1092 1187 1148 quod
1206 1091 1331 1134 bonis
1354 1090 1553 1146 operibus
1575 1105 1742 1145 semper

213 1153 422 1202 insistant,
447 1161 493 1192 ut
515 1152 570 1192 sic
587 1152 764 1205 januam
787 1151 931 1191 salutis
953 1151 1210 1206 repperiam,
1234 1165 1330 1206 quae
1347 1164 1432 1190 non
1451 1149 1598 1190 melius
1616 1164 1744 1204 quam

212 1211 383 1266 pietatis
417 1210 614 1262 operibus
648 1208 849 1264 aperitur.
912 1210 983 1250 Ad
1007 1208 1175 1263 pietatis
1198 1208 1341 1264 itaque
1363 1222 1508 1262 opera,
1533 1207 1675 1248 dilecti
1698 1207 1741 1247 in

216 1269 408 1310 Domino
439 1268 527 1317 fitii,
561 1282 640 1322 pro
664 1267 814 1323 quibus
837 1267 1098 1316 exercendis,
1123 1266 1245 1307 sicuti
1267 1281 1323 1307 ex
1344 1265 1488 1306 dilecti
1510 1265 1584 1306 filii
1609 1264 1742 1305 nostri

216 1325 446 1367 L'anrencii
490 1325 648 1367 Prioris
689 1325 937 1366 narracione
972 1324 1224 1379 accepimuS,
1259 1324 1313 1365 ad
1342 1322 1573 1364 beatissimi
1607 1323 1743 1363 Cuth-

213 1384 324 1425 berti
362 1384 596 1433 ecclesiam,
627 1384 668 1423 in
704 1399 789 1439 qua
822 1383 937 1424 id‘em
971 1384 1151 1425 Sanctus
1185 1382 1349 1436 Integer
1375 1381 1514 1422 adhuc
1541 1395 1736 1435 corpore,

214 1441 359 1483 divino
394 1457 584 1490 munere,
620 1451 876 1496 perseverat,
911 1440 1188 1482 consuevistis
1221 1439 1387 1495 pietatis
1409 1438 1564 1479 intuitu
1588 1453 1744 1479 conve-

213 1503 319 1550 nire,
362 1515 435 1541 vos
473 1500 679 1541 attencius
715 1499 949 1549 incitamus,
990 1508 1035 1540 ut
1065 1498 1194 1554 ipsius
1236 1496 1505 1538 sanctissimis
1546 1496 1745 1551 precibus

214 1559 333 1599 illum
367 1558 613 1599 mereamini
636 1558 792 1599 habere
814 1558 1043 1612 placatum,
1068 1557 1153 1613 qui,
1178 1556 1279 1597 dum
1301 1555 1479 1604 viveret,
1500 1554 1559 1595 ita
1580 1553 1742 1595 studuit

212 1617 399 1658 fideliter
432 1616 656 1665 deservire,
695 1625 743 1657 ut
776 1615 929 1656 merito
966 1615 1126 1656 dictum
1159 1614 1212 1654 sit
1234 1614 1270 1655 ei
1294 1628 1318 1654 a
1339 1613 1531 1655 Domino
1556 1619 1582 1639 ‘⁶
1604 1612 1742 1666 Euge,

214 1690 334 1716 serve
360 1676 487 1725 bone,
512 1675 624 1715 intra
645 1677 687 1714 in
710 1674 913 1731 gaudium
947 1672 1123 1714 Domini
1159 1672 1260 1715 tui.⁷'
1324 1672 1436 1713 Sane
1459 1670 1635 1711 dubium
1655 1685 1741 1710 non

213 1743 289 1783 est,
323 1734 425 1789 quin
466 1733 718 1773 Sanctorum
753 1732 945 1787 precibus
984 1731 1089 1772 illud
1121 1729 1373 1772 multociens
1395 1729 1683 1783 impetremus,
1706 1727 1740 1768 si

213 1806 318 1832 cunr
348 1791 583 1832 devocione
615 1791 726 1846 ipsos
763 1791 1046 1831 studuerimus
1084 1803 1279 1838 exorare,
1316 1787 1431 1843 quod
1464 1785 1618 1828 nostris
1653 1801 1741 1827 non

213 1850 400 1890 valemus
443 1849 600 1890 meritis
641 1849 906 1903 aliquatenus
949 1847 1158 1888 obtinere.
1242 1846 1307 1887 Ea
1346 1854 1536 1899 propter,
1580 1843 1655 1884 filii
1696 1843 1739 1884 in

216 1906 390 1948 Christo
423 1906 636 1955 carissimi,
661 1906 1173 1946 universitatem,ves-tram
1197 1918 1409 1960 rogamuS,
1433 1917 1672 1951 monemus,
1697 1911 1740 1942 et

211 1965 488 2006 exhortamur
516 1963 558 2003 in
591 1963 796 2012 Domino,
827 1972 954 2019 atque
989 1964 1029 2003 in
1062 1971 1334 2017 peccatorum
1366 1959 1653 2001 remissionem
1678 1960 1740 1999 in-

202 2022 439 2078 jungimuS,
464 2031 510 2062 nt
533 2022 717 2062 debitam
742 2020 879 2061 eidem
902 2020 1164 2061 sanctissimo
1186 2018 1356 2073 corpori
1374 2018 1660 2059 reverenciam
1684 2017 1740 2059 ad

209 2080 343 2135 ipsius
372 2079 668 2121 convenIendo
701 2079 919 2119 ecclesiam
944 2078 1158 2119 humiliter
1179 2076 1393 2126 deferatis,
1419 2086 1460 2117 et
1484 2076 1536 2117 ad
1560 2076 1738 2117 fratrum

212 2138 583 2187 sustentacionem,
617 2137 688 2193 qni
726 2137 815 2191 ejus
852 2146 950 2177 sunt
985 2136 1152 2177 assidue
1189 2135 1366 2177 servicio
1402 2133 1644 2189 mancipati,
1683 2135 1739 2175 de

210 2196 332 2237 bonis
363 2195 482 2237 vobis
514 2211 539 2237 a
570 2196 668 2237 Deo
700 2194 862 2236 collatis
885 2204 1032 2249 optata
1061 2193 1216 2235 solacia
1237 2192 1508 2241 ministretis;
1540 2191 1740 2248 quatinus

211 2269 290 2310 per
322 2254 427 2304 haec,
462 2262 506 2296 et
542 2254 624 2295 atta
656 2254 798 2303 bona,
818 2268 929 2309 quae,
954 2252 1095 2293 divina
1115 2252 1252 2306 gratia
1273 2250 1520 2306 inspirante,
1542 2249 1739 2298 feceritis,

211 2313 266 2354 ad
303 2321 464 2353 eternae
501 2312 600 2353 vitae
639 2311 808 2366 gaudia,
845 2311 887 2351 in
923 2326 1008 2366 qua
1039 2310 1302 2351 beatissimus
1344 2308 1603 2350 Cuthbertus
1640 2322 1738 2348 cum

216 2371 381 2411 Sanctis
416 2370 505 2412 aliis
538 2378 780 2419 coronatur,
819 2369 999 2424 possitis,
1037 2368 1242 2422 largiente
1266 2366 1470 2416 Domino,
1498 2365 1735 2421 pervenire.

212 2429 471 2485 Quicunque
505 2443 607 2469 vero
639 2428 692 2469 de
732 2427 999 2469 facultatibus
1036 2426 1113 2467 sibi
1148 2441 1173 2466 a
1210 2426 1307 2467 Deo
1341 2424 1504 2465 collatis
1535 2423 1737 2464 fratribus

208 2487 384 2536 eisdem,
428 2502 505 2541 pro
546 2486 677 2542 ipsius
713 2485 956 2527 reverencia
989 2484 1268 2533 Confessoris,
1302 2481 1557 2531 subvenerit,
1591 2483 1736 2536 eisque

207 2544 419 2586 beneficia
451 2544 605 2585 intuitu
638 2544 881 2585 devocionis
903 2543 1165 2598 persolverit,
1189 2540 1472 2598 quadraginta
1493 2539 1531 2581 ei
1554 2539 1641 2580 dies
1674 2539 1738 2579 in·-

201 2603 365 2657 j-unctae
400 2602 680 2658 poenitenciae,
716 2602 865 2643 confisi
900 2602 954 2642 de
986 2602 1206 2642 beatorum
1239 2599 1527 2655 apostolorum
1555 2596 1670 2639 Petri
1693 2606 1737 2637 et

208 2660 331 2702 Pauli
365 2672 409 2702 et
440 2661 630 2715 ejusdem
663 2659 961 2715 preciosissimi
998 2657 1225 2701 Cuthberti
1249 2656 1424 2708 meritis,
1448 2655 1734 2711 indulgemus.

209 2718 326 2760 Data
343 2719 454 2769 Lat’,
478 2732 591 2759 xv111
615 2718 697 2762 kal.
721 2718 818 2760 Jan.

335 2836 351 2851 ⁶
365 2834 540 2879 Originnle
558 2834 660 2877 hujus
688 2834 801 2867 Bullae
819 2839 870 2868 est
888 2834 921 2868 in
940 2834 1093 2870 custodxa
1111 2834 1306 2869 Fcrctrarii.
1356 2834 1443 2865 Nota
1462 2832 1494 2863 in
1514 2841 1614 2870 margat
