<?xml version="1.0" encoding="UTF-8"?>
<!DOCTYPE html PUBLIC "-//W3C//DTD XHTML 1.0 Transitional//EN"
    "http://www.w3.org/TR/xhtml1/DTD/xhtml1-transitional.dtd">
<html xmlns="http://www.w3.org/1999/xhtml" xml:lang="en" lang="en">
 <head>
  <title>
</title>
<meta http-equiv="Content-Type" content="text/html;charset=utf-8" />
  <meta name='ocr-system' content='tesseract 3.04.00' />
  <meta name='ocr-capabilities' content='ocr_page ocr_carea ocr_par ocr_line ocrx_word'/>
</head>
<body>
  <div class='ocr_page' id='page_1' title='image "./historiaedunelme00gauf_0161.png"; bbox 0 0 1807 2962; ppageno 0'>
   <div class='ocr_carea' id='block_1_1' title="bbox 443 117 1567 168">
    <p class='ocr_par' dir='ltr' id='par_1_1' title="bbox 443 117 1567 168">
     <span class='ocr_line' id='line_1_1' title="bbox 443 117 1567 168; baseline -0.006 -12"><span class='ocrx_word' id='word_1_1' title='bbox 443 125 707 157; x_wconf 80' lang='lat' dir='ltr'>ROBERTUS</span> <span class='ocrx_word' id='word_1_2' title='bbox 734 123 799 155; x_wconf 88' lang='lat' dir='ltr'>DE</span> <span class='ocrx_word' id='word_1_3' title='bbox 827 121 1170 154; x_wconf 82' lang='lat' dir='ltr'><strong>GRAYSTANES.</strong></span> <span class='ocrx_word' id='word_1_4' title='bbox 1477 117 1567 168; x_wconf 71' lang='lat'>107</span> 
     </span>
    </p>
   </div>
   <div class='ocr_carea' id='block_1_2' title="bbox 43 228 1589 1969">
    <p class='ocr_par' dir='ltr' id='par_1_2' title="bbox 43 228 1589 1969">
     <span class='ocr_line' id='line_1_2' title="bbox 44 228 1571 288; baseline 0.001 -16.004"><span class='ocrx_word' id='word_1_5' title='bbox 44 233 104 273; x_wconf 84' lang='lat' dir='ltr'>de</span> <span class='ocrx_word' id='word_1_6' title='bbox 132 232 228 274; x_wconf 84' lang='lat' dir='ltr'>Lek</span> <span class='ocrx_word' id='word_1_7' title='bbox 262 231 552 288; x_wconf 75' lang='lat' dir='ltr'>appr-opiiavit</span> <span class='ocrx_word' id='word_1_8' title='bbox 584 247 740 274; x_wconf 86' lang='lat' dir='ltr'>mensae</span> <span class='ocrx_word' id='word_1_9' title='bbox 766 231 983 287; x_wconf 74' lang='lat' dir='ltr'>Episcopi,</span> <span class='ocrx_word' id='word_1_10' title='bbox 1013 237 1228 271; x_wconf 85' lang='lat' dir='ltr'>reservata</span> <span class='ocrx_word' id='word_1_11' title='bbox 1259 228 1337 270; x_wconf 90' lang='lat' dir='ltr'>sibi</span> <span class='ocrx_word' id='word_1_12' title='bbox 1369 232 1571 284; x_wconf 78' lang='lat' dir='ltr'>pensione</span> 
     </span>
     <span class='ocr_line' id='line_1_3' title="bbox 51 286 1572 346; baseline 0 -15"><span class='ocrx_word' id='word_1_13' title='bbox 51 304 202 339; x_wconf 87' lang='lat' dir='ltr'>annua,</span> <span class='ocrx_word' id='word_1_14' title='bbox 241 299 283 331; x_wconf 88' lang='lat' dir='ltr'>et</span> <span class='ocrx_word' id='word_1_15' title='bbox 323 290 524 346; x_wconf 88' lang='lat' dir='ltr'>Capitnlo</span> <span class='ocrx_word' id='word_1_16' title='bbox 548 290 811 331; x_wconf 73' lang='lat' dir='ltr'>Eboxacensi</span> <span class='ocrx_word' id='word_1_17' title='bbox 843 288 936 338; x_wconf 86' lang='lat' dir='ltr'>alia,</span> <span class='ocrx_word' id='word_1_18' title='bbox 972 287 1052 345; x_wconf 89' lang='lat' dir='ltr'>[ita</span> <span class='ocrx_word' id='word_1_19' title='bbox 1082 295 1130 328; x_wconf 92' lang='lat' dir='ltr'>ut</span> <span class='ocrx_word' id='word_1_20' title='bbox 1161 286 1338 329; x_wconf 79' lang='lat' dir='ltr'>cedente</span> <span class='ocrx_word' id='word_1_21' title='bbox 1362 288 1427 329; x_wconf 90' lang='lat' dir='ltr'>vel</span> <span class='ocrx_word' id='word_1_22' title='bbox 1450 288 1572 331; x_wconf 91' lang='lat' dir='ltr'>dece-</span> 
     </span>
     <span class='ocr_line' id='line_1_4' title="bbox 43 344 1577 410; baseline -0.001 -22"><span class='ocrx_word' id='word_1_23' title='bbox 43 347 179 389; x_wconf 84' lang='lat' dir='ltr'>dente</span> <span class='ocrx_word' id='word_1_24' title='bbox 199 355 364 389; x_wconf 83' lang='lat' dir='ltr'>rectore</span> <span class='ocrx_word' id='word_1_25' title='bbox 394 348 466 403; x_wconf 88' lang='lat' dir='ltr'>qni</span> <span class='ocrx_word' id='word_1_26' title='bbox 497 356 597 389; x_wconf 88' lang='lat' dir='ltr'>tunc</span> <span class='ocrx_word' id='word_1_27' title='bbox 638 363 683 389; x_wconf 76' lang='lat' dir='ltr'>el</span> <span class='ocrx_word' id='word_1_28' title='bbox 685 356 741 397; x_wconf 86' lang='lat' dir='ltr'>at,</span> <span class='ocrx_word' id='word_1_29' title='bbox 774 347 920 388; x_wconf 85' lang='lat' dir='ltr'>liceret</span> <span class='ocrx_word' id='word_1_30' title='bbox 930 345 1161 410; x_wconf 83' lang='lat' dir='ltr'>Episcopo</span> <span class='ocrx_word' id='word_1_31' title='bbox 1183 344 1403 386; x_wconf 83' lang='lat' dir='ltr'>ecclesiam</span> <span class='ocrx_word' id='word_1_32' title='bbox 1425 345 1482 387; x_wconf 91' lang='lat' dir='ltr'>sic</span> <span class='ocrx_word' id='word_1_33' title='bbox 1503 362 1577 401; x_wconf 90' lang='lat' dir='ltr'>ap-</span> 
     </span>
     <span class='ocr_line' id='line_1_5' title="bbox 51 403 1572 460; baseline 0 -15"><span class='ocrx_word' id='word_1_34' title='bbox 51 405 312 460; x_wconf 78' lang='lat' dir='ltr'>piopiiatam</span> <span class='ocrx_word' id='word_1_35' title='bbox 352 405 517 460; x_wconf 81' lang='lat' dir='ltr'>ingredi</span> <span class='ocrx_word' id='word_1_36' title='bbox 553 414 595 446; x_wconf 90' lang='lat' dir='ltr'>et</span> <span class='ocrx_word' id='word_1_37' title='bbox 626 406 805 455; x_wconf 77' lang='lat' dir='ltr'>tenele],</span> <span class='ocrx_word' id='word_1_38' title='bbox 830 412 873 445; x_wconf 86' lang='lat' dir='ltr'>et</span> <span class='ocrx_word' id='word_1_39' title='bbox 909 403 966 444; x_wconf 88' lang='lat' dir='ltr'>sic</span> <span class='ocrx_word' id='word_1_40' title='bbox 1003 403 1181 444; x_wconf 85' lang='lat' dir='ltr'>cessavit</span> <span class='ocrx_word' id='word_1_41' title='bbox 1214 410 1445 458; x_wconf 78' lang='lat' dir='ltr'>tempestas</span> <span class='ocrx_word' id='word_1_42' title='bbox 1487 404 1572 446; x_wconf 89' lang='lat' dir='ltr'>illa.</span> 
     </span>
     <span class='ocr_line' id='line_1_6' title="bbox 53 460 1574 520; baseline 0.001 -18"><span class='ocrx_word' id='word_1_43' title='bbox 53 463 203 514; x_wconf 92' lang='lat' dir='ltr'>[Anno</span> <span class='ocrx_word' id='word_1_44' title='bbox 227 477 326 504; x_wconf 85' lang='lat' dir='ltr'>vero</span> <span class='ocrx_word' id='word_1_45' title='bbox 347 463 496 520; x_wconf 82' lang='lat' dir='ltr'>gratiae</span> <span class='ocrx_word' id='word_1_46' title='bbox 529 466 835 513; x_wconf 77' lang='lat' dir='ltr'>MCCCXXV111,]</span> <span class='ocrx_word' id='word_1_47' title='bbox 859 469 1006 502; x_wconf 85' lang='lat' dir='ltr'>contra</span> <span class='ocrx_word' id='word_1_48' title='bbox 1029 460 1389 502; x_wconf 88' lang='lat' dir='ltr'>Archidiaconum</span> <span class='ocrx_word' id='word_1_49' title='bbox 1414 461 1574 503; x_wconf 73' lang='lat' dir='ltr'>North-</span> 
     </span>
     <span class='ocr_line' id='line_1_7' title="bbox 53 517 1578 570; baseline 0.001 -10"><span class='ocrx_word' id='word_1_50' title='bbox 53 520 242 570; x_wconf 87' lang='lat' dir='ltr'>umbriae,</span> <span class='ocrx_word' id='word_1_51' title='bbox 267 520 481 562; x_wconf 87' lang='lat' dir='ltr'>Thomam</span> <span class='ocrx_word' id='word_1_52' title='bbox 501 521 659 562; x_wconf 79' lang='lat' dir='ltr'>scilicet</span> <span class='ocrx_word' id='word_1_53' title='bbox 680 521 733 562; x_wconf 90' lang='lat' dir='ltr'>de</span> <span class='ocrx_word' id='word_1_54' title='bbox 750 519 998 568; x_wconf 86' lang='lat' dir='ltr'>Charleton,</span> <span class='ocrx_word' id='word_1_55' title='bbox 1021 517 1230 559; x_wconf 81' lang='lat' dir='ltr'>nitentem</span> <span class='ocrx_word' id='word_1_56' title='bbox 1254 518 1422 560; x_wconf 87' lang='lat' dir='ltr'>visita1e</span> <span class='ocrx_word' id='word_1_57' title='bbox 1444 520 1578 561; x_wconf 87' lang='lat' dir='ltr'>eccle-</span> 
     </span>
     <span class='ocr_line' id='line_1_8' title="bbox 53 576 1577 634; baseline 0.001 -16"><span class='ocrx_word' id='word_1_58' title='bbox 53 578 132 619; x_wconf 84' lang='lat' dir='ltr'>sias</span> <span class='ocrx_word' id='word_1_59' title='bbox 156 578 293 619; x_wconf 81' lang='lat' dir='ltr'>P1iori</span> <span class='ocrx_word' id='word_1_60' title='bbox 309 588 352 619; x_wconf 90' lang='lat' dir='ltr'>et</span> <span class='ocrx_word' id='word_1_61' title='bbox 374 579 558 634; x_wconf 87' lang='lat' dir='ltr'>capitulo</span> <span class='ocrx_word' id='word_1_62' title='bbox 580 577 873 634; x_wconf 87' lang='lat' dir='ltr'>appropriatas</span> <span class='ocrx_word' id='word_1_63' title='bbox 905 576 948 617; x_wconf 92' lang='lat' dir='ltr'>in</span> <span class='ocrx_word' id='word_1_64' title='bbox 970 576 1292 627; x_wconf 85' lang='lat' dir='ltr'>Northumbria,</span> <span class='ocrx_word' id='word_1_65' title='bbox 1317 577 1577 631; x_wconf 86' lang='lat' dir='ltr'>appellatum</span> 
     </span>
     <span class='ocr_line' id='line_1_9' title="bbox 53 634 1577 692; baseline 0.001 -16"><span class='ocrx_word' id='word_1_66' title='bbox 53 646 113 676; x_wconf 90' lang='lat' dir='ltr'>est</span> <span class='ocrx_word' id='word_1_67' title='bbox 126 650 202 690; x_wconf 74' lang='lat' dir='ltr'>pei</span> <span class='ocrx_word' id='word_1_68' title='bbox 220 636 412 677; x_wconf 84' lang='lat' dir='ltr'>Priorem</span> <span class='ocrx_word' id='word_1_69' title='bbox 430 646 472 678; x_wconf 88' lang='lat' dir='ltr'>et</span> <span class='ocrx_word' id='word_1_70' title='bbox 489 637 734 691; x_wconf 86' lang='lat' dir='ltr'>capitulum,</span> <span class='ocrx_word' id='word_1_71' title='bbox 744 643 809 692; x_wconf 90' lang='lat' dir='ltr'>[et</span> <span class='ocrx_word' id='word_1_72' title='bbox 825 634 1079 689; x_wconf 74' lang='lat' dir='ltr'>iescriptum</span> <span class='ocrx_word' id='word_1_73' title='bbox 1097 643 1161 676; x_wconf 89' lang='lat' dir='ltr'>est</span> <span class='ocrx_word' id='word_1_74' title='bbox 1176 634 1229 675; x_wconf 88' lang='lat' dir='ltr'>ad</span> <span class='ocrx_word' id='word_1_75' title='bbox 1248 635 1577 690; x_wconf 83' lang='lat' dir='ltr'>appellationem</span> 
     </span>
     <span class='ocr_line' id='line_1_10' title="bbox 53 692 1576 749; baseline 0.001 -16"><span class='ocrx_word' id='word_1_76' title='bbox 53 708 130 748; x_wconf 90' lang='lat' dir='ltr'>per</span> <span class='ocrx_word' id='word_1_77' title='bbox 152 693 428 749; x_wconf 86' lang='lat' dir='ltr'>Episcopum,</span> <span class='ocrx_word' id='word_1_78' title='bbox 468 703 510 736; x_wconf 86' lang='lat' dir='ltr'>et</span> <span class='ocrx_word' id='word_1_79' title='bbox 538 694 762 735; x_wconf 90' lang='lat' dir='ltr'>inhibitum</span> <span class='ocrx_word' id='word_1_80' title='bbox 793 692 1134 741; x_wconf 87' lang='lat' dir='ltr'>Archidiacono3</span> <span class='ocrx_word' id='word_1_81' title='bbox 1168 692 1240 748; x_wconf 90' lang='lat' dir='ltr'>qui</span> <span class='ocrx_word' id='word_1_82' title='bbox 1276 693 1402 734; x_wconf 86' lang='lat' dir='ltr'>etiam</span> <span class='ocrx_word' id='word_1_83' title='bbox 1425 693 1576 735; x_wconf 90' lang='lat' dir='ltr'>inhibi-</span> 
     </span>
     <span class='ocr_line' id='line_1_11' title="bbox 54 750 1578 808; baseline 0.001 -16"><span class='ocrx_word' id='word_1_84' title='bbox 54 751 159 792; x_wconf 92' lang='lat' dir='ltr'>tioni</span> <span class='ocrx_word' id='word_1_85' title='bbox 195 751 333 806; x_wconf 81' lang='lat' dir='ltr'>paruit</span> <span class='ocrx_word' id='word_1_86' title='bbox 365 760 414 793; x_wconf 80' lang='lat' dir='ltr'>et</span> <span class='ocrx_word' id='word_1_87' title='bbox 447 752 669 808; x_wconf 85' lang='lat' dir='ltr'>rescripsit,</span> <span class='ocrx_word' id='word_1_88' title='bbox 708 760 751 794; x_wconf 85' lang='lat' dir='ltr'>et</span> <span class='ocrx_word' id='word_1_89' title='bbox 787 765 929 792; x_wconf 87' lang='lat' dir='ltr'>coram</span> <span class='ocrx_word' id='word_1_90' title='bbox 965 750 1252 791; x_wconf 70' lang='lat' dir='ltr'>commissario</span> <span class='ocrx_word' id='word_1_91' title='bbox 1289 751 1493 806; x_wconf 87' lang='lat' dir='ltr'>Episcopi</span> <span class='ocrx_word' id='word_1_92' title='bbox 1533 752 1578 793; x_wconf 91' lang='lat' dir='ltr'>in</span> 
     </span>
     <span class='ocr_line' id='line_1_12' title="bbox 59 807 1579 865; baseline 0.001 -15"><span class='ocrx_word' id='word_1_93' title='bbox 59 807 241 850; x_wconf 83' lang='lat' dir='ltr'>Galilaea</span> <span class='ocrx_word' id='word_1_94' title='bbox 280 810 566 852; x_wconf 82' lang='lat' dir='ltr'>Dunelmensi</span> <span class='ocrx_word' id='word_1_95' title='bbox 606 825 682 865; x_wconf 75' lang='lat' dir='ltr'>pei</span> <span class='ocrx_word' id='word_1_96' title='bbox 733 817 1051 863; x_wconf 88' lang='lat' dir='ltr'>procuratorem</span> <span class='ocrx_word' id='word_1_97' title='bbox 1093 808 1358 863; x_wconf 86' lang='lat' dir='ltr'>comparuit3</span> <span class='ocrx_word' id='word_1_98' title='bbox 1410 809 1484 850; x_wconf 91' lang='lat' dir='ltr'>ubi</span> <span class='ocrx_word' id='word_1_99' title='bbox 1524 825 1579 851; x_wconf 87' lang='lat' dir='ltr'>ex</span> 
     </span>
     <span class='ocr_line' id='line_1_13' title="bbox 49 865 1581 937; baseline 0.001 -30"><span class='ocrx_word' id='word_1_100' title='bbox 49 875 175 921; x_wconf 19' lang='lat' dir='ltr'>*parte</span> <span class='ocrx_word' id='word_1_101' title='bbox 201 866 269 908; x_wconf 83' lang='lat' dir='ltr'>P1</span> <span class='ocrx_word' id='word_1_102' title='bbox 260 881 358 908; x_wconf 81' lang='lat' dir='ltr'>ioris</span> <span class='ocrx_word' id='word_1_103' title='bbox 389 868 652 937; x_wconf 78' lang='lat' dir='ltr'>allegabatur</span> <span class='ocrx_word' id='word_1_104' title='bbox 681 869 820 923; x_wconf 88' lang='lat' dir='ltr'>ipsum</span> <span class='ocrx_word' id='word_1_105' title='bbox 853 881 908 908; x_wconf 85' lang='lat' dir='ltr'>ex</span> <span class='ocrx_word' id='word_1_106' title='bbox 938 865 1158 932; x_wconf 82' lang='lat' dir='ltr'>privilegio</span> <span class='ocrx_word' id='word_1_107' title='bbox 1180 881 1269 907; x_wconf 84' lang='lat' dir='ltr'>esse</span> <span class='ocrx_word' id='word_1_108' title='bbox 1303 866 1581 909; x_wconf 84' lang='lat' dir='ltr'>Archidiaco-</span> 
     </span>
     <span class='ocr_line' id='line_1_14' title="bbox 55 923 1581 981; baseline 0.003 -17"><span class='ocrx_word' id='word_1_109' title='bbox 55 939 156 964; x_wconf 90' lang='lat' dir='ltr'>num</span> <span class='ocrx_word' id='word_1_110' title='bbox 195 925 238 965; x_wconf 92' lang='lat' dir='ltr'>in</span> <span class='ocrx_word' id='word_1_111' title='bbox 287 925 483 967; x_wconf 86' lang='lat' dir='ltr'>omnibus</span> <span class='ocrx_word' id='word_1_112' title='bbox 534 925 719 968; x_wconf 87' lang='lat' dir='ltr'>ecelesiis</span> <span class='ocrx_word' id='word_1_113' title='bbox 769 924 849 966; x_wconf 83' lang='lat' dir='ltr'>sibi</span> <span class='ocrx_word' id='word_1_114' title='bbox 899 923 1179 979; x_wconf 83' lang='lat' dir='ltr'>appropriatis</span> <span class='ocrx_word' id='word_1_115' title='bbox 1239 923 1283 965; x_wconf 91' lang='lat' dir='ltr'>in</span> <span class='ocrx_word' id='word_1_116' title='bbox 1333 925 1581 981; x_wconf 84' lang='lat' dir='ltr'>episcopatu</span> 
     </span>
     <span class='ocr_line' id='line_1_15' title="bbox 57 982 1580 1040; baseline 0.001 -17"><span class='ocrx_word' id='word_1_117' title='bbox 57 982 349 1032; x_wconf 89' lang='lat' dir='ltr'>Dunelmensi,</span> <span class='ocrx_word' id='word_1_118' title='bbox 385 993 428 1025; x_wconf 90' lang='lat' dir='ltr'>et</span> <span class='ocrx_word' id='word_1_119' title='bbox 463 1000 539 1039; x_wconf 83' lang='lat' dir='ltr'>per</span> <span class='ocrx_word' id='word_1_120' title='bbox 573 998 836 1040; x_wconf 87' lang='lat' dir='ltr'>consequens</span> <span class='ocrx_word' id='word_1_121' title='bbox 877 983 919 1023; x_wconf 92' lang='lat' dir='ltr'>in</span> <span class='ocrx_word' id='word_1_122' title='bbox 952 982 1290 1030; x_wconf 86' lang='lat' dir='ltr'>Northumbria3</span> <span class='ocrx_word' id='word_1_123' title='bbox 1323 992 1365 1024; x_wconf 92' lang='lat' dir='ltr'>et</span> <span class='ocrx_word' id='word_1_124' title='bbox 1405 983 1524 1034; x_wconf 89' lang='lat' dir='ltr'>alius,</span> <span class='ocrx_word' id='word_1_125' title='bbox 1556 999 1580 1025; x_wconf 89' lang='lat' dir='ltr'>e</span> 
     </span>
     <span class='ocr_line' id='line_1_16' title="bbox 58 1039 1580 1104; baseline 0.002 -24"><span class='ocrx_word' id='word_1_126' title='bbox 58 1048 217 1104; x_wconf 34' lang='lat' dir='ltr'>cnontra,</span> <span class='ocrx_word' id='word_1_127' title='bbox 248 1041 356 1081; x_wconf 87' lang='lat' dir='ltr'>dixit</span> <span class='ocrx_word' id='word_1_128' title='bbox 390 1043 724 1084; x_wconf 88' lang='lat' dir='ltr'>Archidiaconos</span> <span class='ocrx_word' id='word_1_129' title='bbox 764 1041 1103 1091; x_wconf 79' lang='lat' dir='ltr'>N01thumbriae,</span> <span class='ocrx_word' id='word_1_130' title='bbox 1128 1041 1181 1082; x_wconf 87' lang='lat' dir='ltr'>ab</span> <span class='ocrx_word' id='word_1_131' title='bbox 1214 1039 1354 1091; x_wconf 88' lang='lat' dir='ltr'>inicio,</span> <span class='ocrx_word' id='word_1_132' title='bbox 1382 1041 1580 1097; x_wconf 88' lang='lat' dir='ltr'>jurisdic-</span> 
     </span>
     <span class='ocr_line' id='line_1_17' title="bbox 57 1097 1578 1148; baseline 0.001 -9"><span class='ocrx_word' id='word_1_133' title='bbox 57 1097 218 1139; x_wconf 89' lang='lat' dir='ltr'>tionem</span> <span class='ocrx_word' id='word_1_134' title='bbox 255 1099 555 1141; x_wconf 87' lang='lat' dir='ltr'>Archidiaconi</span> <span class='ocrx_word' id='word_1_135' title='bbox 591 1101 633 1141; x_wconf 89' lang='lat' dir='ltr'>in</span> <span class='ocrx_word' id='word_1_136' title='bbox 669 1100 748 1140; x_wconf 86' lang='lat' dir='ltr'>illis</span> <span class='ocrx_word' id='word_1_137' title='bbox 779 1099 979 1148; x_wconf 86' lang='lat' dir='ltr'>ecclesiis,</span> <span class='ocrx_word' id='word_1_138' title='bbox 1003 1098 1110 1140; x_wconf 86' lang='lat' dir='ltr'>sicut</span> <span class='ocrx_word' id='word_1_139' title='bbox 1140 1099 1183 1139; x_wconf 92' lang='lat' dir='ltr'>in</span> <span class='ocrx_word' id='word_1_140' title='bbox 1214 1098 1304 1140; x_wconf 89' lang='lat' dir='ltr'>aliis</span> <span class='ocrx_word' id='word_1_141' title='bbox 1327 1099 1578 1144; x_wconf 87' lang='lat' dir='ltr'>exercuisse.</span> 
     </span>
     <span class='ocr_line' id='line_1_18' title="bbox 61 1155 1580 1212; baseline 0.003 -16"><span class='ocrx_word' id='word_1_142' title='bbox 61 1155 256 1197; x_wconf 86' lang='lat' dir='ltr'>Tandem</span> <span class='ocrx_word' id='word_1_143' title='bbox 291 1157 575 1200; x_wconf 86' lang='lat' dir='ltr'>mediantibus</span> <span class='ocrx_word' id='word_1_144' title='bbox 597 1158 753 1208; x_wconf 81' lang='lat' dir='ltr'>amicis,</span> <span class='ocrx_word' id='word_1_145' title='bbox 788 1164 1051 1198; x_wconf 86' lang='lat' dir='ltr'>recesserunt</span> <span class='ocrx_word' id='word_1_146' title='bbox 1080 1156 1121 1196; x_wconf 87' lang='lat' dir='ltr'>in</span> <span class='ocrx_word' id='word_1_147' title='bbox 1144 1172 1218 1212; x_wconf 80' lang='lat' dir='ltr'>spe</span> <span class='ocrx_word' id='word_1_148' title='bbox 1241 1156 1353 1211; x_wconf 86' lang='lat' dir='ltr'>pacis</span> <span class='ocrx_word' id='word_1_149' title='bbox 1386 1157 1476 1199; x_wconf 89' lang='lat' dir='ltr'>sine</span> <span class='ocrx_word' id='word_1_150' title='bbox 1497 1158 1580 1200; x_wconf 83' lang='lat' dir='ltr'>die.</span> 
     </span>
     <span class='ocr_line' id='line_1_19' title="bbox 64 1213 1584 1272; baseline 0.003 -19"><span class='ocrx_word' id='word_1_151' title='bbox 64 1213 146 1254; x_wconf 89' lang='lat' dir='ltr'>Sed</span> <span class='ocrx_word' id='word_1_152' title='bbox 179 1228 292 1255; x_wconf 89' lang='lat' dir='ltr'>anno</span> <span class='ocrx_word' id='word_1_153' title='bbox 321 1214 494 1256; x_wconf 90' lang='lat' dir='ltr'>Domini</span> <span class='ocrx_word' id='word_1_154' title='bbox 512 1230 761 1266; x_wconf 82' lang='lat' dir='ltr'>MCCCXXXI,</span> <span class='ocrx_word' id='word_1_155' title='bbox 789 1216 910 1257; x_wconf 84' lang='lat' dir='ltr'>Prior</span> <span class='ocrx_word' id='word_1_156' title='bbox 930 1215 1022 1256; x_wconf 85' lang='lat' dir='ltr'>illas</span> <span class='ocrx_word' id='word_1_157' title='bbox 1044 1214 1240 1256; x_wconf 85' lang='lat' dir='ltr'>ecclesias</span> <span class='ocrx_word' id='word_1_158' title='bbox 1264 1215 1448 1256; x_wconf 85' lang='lat' dir='ltr'>visitavit</span> <span class='ocrx_word' id='word_1_159' title='bbox 1467 1231 1476 1264; x_wconf 88' lang='lat'><em>3</em></span> <span class='ocrx_word' id='word_1_160' title='bbox 1499 1231 1584 1272; x_wconf 89' lang='lat' dir='ltr'>qua</span> 
     </span>
     <span class='ocr_line' id='line_1_20' title="bbox 59 1271 1583 1323; baseline 0.003 -13"><span class='ocrx_word' id='word_1_161' title='bbox 59 1271 303 1315; x_wconf 78' lang='lat' dir='ltr'>visitacione</span> <span class='ocrx_word' id='word_1_162' title='bbox 340 1272 453 1315; x_wconf 84' lang='lat' dir='ltr'>facta</span> <span class='ocrx_word' id='word_1_163' title='bbox 496 1284 540 1316; x_wconf 92' lang='lat' dir='ltr'>et</span> <span class='ocrx_word' id='word_1_164' title='bbox 573 1290 659 1316; x_wconf 90' lang='lat' dir='ltr'>non</span> <span class='ocrx_word' id='word_1_165' title='bbox 693 1274 925 1323; x_wconf 85' lang='lat' dir='ltr'>revocata,]</span> <span class='ocrx_word' id='word_1_166' title='bbox 972 1272 1094 1313; x_wconf 85' lang='lat' dir='ltr'>Prior</span> <span class='ocrx_word' id='word_1_167' title='bbox 1134 1288 1229 1314; x_wconf 91' lang='lat' dir='ltr'>cum</span> <span class='ocrx_word' id='word_1_168' title='bbox 1269 1274 1583 1316; x_wconf 87' lang='lat' dir='ltr'>Archidiacono</span> 
     </span>
     <span class='ocr_line' id='line_1_21' title="bbox 60 1329 1582 1388; baseline 0.003 -19"><span class='ocrx_word' id='word_1_169' title='bbox 60 1329 116 1370; x_wconf 85' lang='lat' dir='ltr'>sic</span> <span class='ocrx_word' id='word_1_170' title='bbox 138 1330 401 1385; x_wconf 85' lang='lat' dir='ltr'>composuit3</span> <span class='ocrx_word' id='word_1_171' title='bbox 433 1333 548 1388; x_wconf 91' lang='lat' dir='ltr'>quod</span> <span class='ocrx_word' id='word_1_172' title='bbox 574 1332 907 1374; x_wconf 86' lang='lat' dir='ltr'>Archidiaconus</span> <span class='ocrx_word' id='word_1_173' title='bbox 929 1339 1020 1372; x_wconf 89' lang='lat' dir='ltr'>tota</span> <span class='ocrx_word' id='word_1_174' title='bbox 1041 1331 1127 1372; x_wconf 89' lang='lat' dir='ltr'>vita</span> <span class='ocrx_word' id='word_1_175' title='bbox 1147 1346 1222 1371; x_wconf 85' lang='lat' dir='ltr'>sua</span> <span class='ocrx_word' id='word_1_176' title='bbox 1241 1331 1582 1385; x_wconf 84' lang='lat' dir='ltr'>jurisdictionem</span> 
     </span>
     <span class='ocr_line' id='line_1_22' title="bbox 60 1387 1585 1454; baseline 0.003 -26"><span class='ocrx_word' id='word_1_177' title='bbox 60 1387 102 1428; x_wconf 91' lang='lat' dir='ltr'>in</span> <span class='ocrx_word' id='word_1_178' title='bbox 123 1388 293 1429; x_wconf 88' lang='lat' dir='ltr'>ecclesis</span> <span class='ocrx_word' id='word_1_179' title='bbox 325 1388 404 1430; x_wconf 84' lang='lat' dir='ltr'>illis</span> <span class='ocrx_word' id='word_1_180' title='bbox 436 1391 544 1432; x_wconf 84' lang='lat' dir='ltr'>sicut</span> <span class='ocrx_word' id='word_1_181' title='bbox 574 1390 615 1431; x_wconf 87' lang='lat' dir='ltr'>in</span> <span class='ocrx_word' id='word_1_182' title='bbox 638 1391 728 1432; x_wconf 89' lang='lat' dir='ltr'>aliis</span> <span class='ocrx_word' id='word_1_183' title='bbox 751 1390 938 1454; x_wconf 85' lang='lat' dir='ltr'>plenarie</span> <span class='ocrx_word' id='word_1_184' title='bbox 960 1397 1208 1430; x_wconf 79' lang='lat' dir='ltr'>exerceret·</span> <span class='ocrx_word' id='word_1_185' title='bbox 1199 1420 1209 1437; x_wconf 93' lang='lat'>,</span> <span class='ocrx_word' id='word_1_186' title='bbox 1242 1389 1315 1430; x_wconf 90' lang='lat' dir='ltr'>sed</span> <span class='ocrx_word' id='word_1_187' title='bbox 1340 1389 1465 1431; x_wconf 90' lang='lat' dir='ltr'>Prior</span> <span class='ocrx_word' id='word_1_188' title='bbox 1484 1406 1585 1446; x_wconf 91' lang='lat' dir='ltr'>pro-</span> 
     </span>
     <span class='ocr_line' id='line_1_23' title="bbox 60 1445 1586 1501; baseline 0.003 -15"><span class='ocrx_word' id='word_1_189' title='bbox 60 1445 297 1488; x_wconf 86' lang='lat' dir='ltr'>curationes</span> <span class='ocrx_word' id='word_1_190' title='bbox 328 1448 559 1491; x_wconf 84' lang='lat' dir='ltr'>visitationi</span> <span class='ocrx_word' id='word_1_191' title='bbox 589 1449 754 1490; x_wconf 85' lang='lat' dir='ltr'>debitas</span> <span class='ocrx_word' id='word_1_192' title='bbox 786 1447 956 1489; x_wconf 86' lang='lat' dir='ltr'>alternis</span> <span class='ocrx_word' id='word_1_193' title='bbox 988 1446 1147 1487; x_wconf 88' lang='lat' dir='ltr'>vicibus</span> <span class='ocrx_word' id='word_1_194' title='bbox 1179 1447 1386 1501; x_wconf 88' lang='lat' dir='ltr'>reciperet</span> <span class='ocrx_word' id='word_1_195' title='bbox 1409 1448 1484 1499; x_wconf 91' lang='lat' dir='ltr'>[de</span> <span class='ocrx_word' id='word_1_196' title='bbox 1507 1448 1586 1490; x_wconf 89' lang='lat' dir='ltr'>eis-</span> 
     </span>
     <span class='ocr_line' id='line_1_24' title="bbox 62 1504 1584 1563; baseline 0.003 -19"><span class='ocrx_word' id='word_1_197' title='bbox 62 1504 173 1545; x_wconf 84' lang='lat' dir='ltr'>dem.</span> <span class='ocrx_word' id='word_1_198' title='bbox 239 1505 377 1547; x_wconf 86' lang='lat' dir='ltr'>Causa</span> <span class='ocrx_word' id='word_1_199' title='bbox 408 1507 610 1549; x_wconf 90' lang='lat' dir='ltr'>inducens</span> <span class='ocrx_word' id='word_1_200' title='bbox 667 1506 859 1548; x_wconf 78' lang='lat' dir='ltr'>Priorem</span> <span class='ocrx_word' id='word_1_201' title='bbox 890 1505 944 1546; x_wconf 86' lang='lat' dir='ltr'>ad</span> <span class='ocrx_word' id='word_1_202' title='bbox 976 1505 1315 1559; x_wconf 86' lang='lat' dir='ltr'>componendum</span> <span class='ocrx_word' id='word_1_203' title='bbox 1339 1514 1442 1556; x_wconf 87' lang='lat' dir='ltr'>erat,</span> <span class='ocrx_word' id='word_1_204' title='bbox 1467 1508 1584 1563; x_wconf 92' lang='lat' dir='ltr'>quod</span> 
     </span>
     <span class='ocr_line' id='line_1_25' title="bbox 61 1563 1585 1617; baseline 0.003 -15"><span class='ocrx_word' id='word_1_205' title='bbox 61 1570 209 1603; x_wconf 87' lang='lat' dir='ltr'>contra</span> <span class='ocrx_word' id='word_1_206' title='bbox 259 1563 545 1606; x_wconf 87' lang='lat' dir='ltr'>visitacionem</span> <span class='ocrx_word' id='word_1_207' title='bbox 593 1564 750 1605; x_wconf 86' lang='lat' dir='ltr'>Prioris</span> <span class='ocrx_word' id='word_1_208' title='bbox 803 1563 1136 1605; x_wconf 89' lang='lat' dir='ltr'>Archidiaconus</span> <span class='ocrx_word' id='word_1_209' title='bbox 1188 1563 1488 1617; x_wconf 85' lang='lat' dir='ltr'>appellaverat,</span> <span class='ocrx_word' id='word_1_210' title='bbox 1542 1574 1585 1606; x_wconf 88' lang='lat' dir='ltr'>et</span> 
     </span>
     <span class='ocr_line' id='line_1_26' title="bbox 63 1620 1584 1677; baseline 0.003 -17"><span class='ocrx_word' id='word_1_211' title='bbox 63 1620 231 1661; x_wconf 87' lang='lat' dir='ltr'>tuitorie</span> <span class='ocrx_word' id='word_1_212' title='bbox 267 1622 322 1663; x_wconf 87' lang='lat' dir='ltr'>ad</span> <span class='ocrx_word' id='word_1_213' title='bbox 358 1625 516 1664; x_wconf 88' lang='lat' dir='ltr'>curiam</span> <span class='ocrx_word' id='word_1_214' title='bbox 553 1623 865 1663; x_wconf 82' lang='lat' dir='ltr'>Eboracensem</span> <span class='ocrx_word' id='word_1_215' title='bbox 884 1637 894 1671; x_wconf 93' lang='lat'><em>3</em></span> <span class='ocrx_word' id='word_1_216' title='bbox 928 1621 1027 1677; x_wconf 86' lang='lat' dir='ltr'>quia</span> <span class='ocrx_word' id='word_1_217' title='bbox 1048 1636 1150 1675; x_wconf 82' lang='lat' dir='ltr'>ergo</span> <span class='ocrx_word' id='word_1_218' title='bbox 1175 1621 1297 1661; x_wconf 87' lang='lat' dir='ltr'>Prior</span> <span class='ocrx_word' id='word_1_219' title='bbox 1317 1623 1426 1663; x_wconf 88' lang='lat' dir='ltr'>solas</span> <span class='ocrx_word' id='word_1_220' title='bbox 1449 1630 1584 1664; x_wconf 86' lang='lat' dir='ltr'>cartas</span> 
     </span>
     <span class='ocr_line' id='line_1_27' title="bbox 62 1678 1585 1734; baseline 0.002 -15"><span class='ocrx_word' id='word_1_221' title='bbox 62 1678 224 1728; x_wconf 79' lang='lat' dir='ltr'>habuit,</span> <span class='ocrx_word' id='word_1_222' title='bbox 261 1688 359 1721; x_wconf 86' lang='lat' dir='ltr'>ante</span> <span class='ocrx_word' id='word_1_223' title='bbox 396 1681 686 1722; x_wconf 86' lang='lat' dir='ltr'>visitacionem</span> <span class='ocrx_word' id='word_1_224' title='bbox 724 1681 838 1721; x_wconf 87' lang='lat' dir='ltr'>illam</span> <span class='ocrx_word' id='word_1_225' title='bbox 869 1695 894 1720; x_wconf 90' lang='lat' dir='ltr'>a</span> <span class='ocrx_word' id='word_1_226' title='bbox 923 1681 1187 1734; x_wconf 87' lang='lat' dir='ltr'>possessione</span> <span class='ocrx_word' id='word_1_227' title='bbox 1211 1694 1375 1730; x_wconf 83' lang='lat' dir='ltr'>vacuaS,</span> <span class='ocrx_word' id='word_1_228' title='bbox 1398 1695 1475 1722; x_wconf 89' lang='lat' dir='ltr'>nec</span> <span class='ocrx_word' id='word_1_229' title='bbox 1498 1681 1585 1723; x_wconf 87' lang='lat' dir='ltr'>ulla</span> 
     </span>
     <span class='ocr_line' id='line_1_28' title="bbox 63 1737 1586 1791; baseline 0.003 -15"><span class='ocrx_word' id='word_1_230' title='bbox 63 1737 370 1791; x_wconf 88' lang='lat' dir='ltr'>compositione</span> <span class='ocrx_word' id='word_1_231' title='bbox 402 1738 702 1781; x_wconf 85' lang='lat' dir='ltr'>Archidiaconi</span> <span class='ocrx_word' id='word_1_232' title='bbox 734 1738 969 1787; x_wconf 81' lang='lat' dir='ltr'>roboratas,</span> <span class='ocrx_word' id='word_1_233' title='bbox 993 1752 1046 1778; x_wconf 87' lang='lat' dir='ltr'>ne</span> <span class='ocrx_word' id='word_1_234' title='bbox 1071 1737 1241 1778; x_wconf 87' lang='lat' dir='ltr'>tuitorie</span> <span class='ocrx_word' id='word_1_235' title='bbox 1267 1737 1451 1779; x_wconf 88' lang='lat' dir='ltr'>visitacio</span> <span class='ocrx_word' id='word_1_236' title='bbox 1474 1739 1586 1781; x_wconf 87' lang='lat' dir='ltr'>facta</span> 
     </span>
     <span class='ocr_line' id='line_1_29' title="bbox 58 1795 1589 1850; baseline 0.003 -15"><span class='ocrx_word' id='word_1_237' title='bbox 58 1795 148 1849; x_wconf 73' lang='lat' dir='ltr'>Jam</span> <span class='ocrx_word' id='word_1_238' title='bbox 169 1809 245 1849; x_wconf 87' lang='lat' dir='ltr'>per</span> <span class='ocrx_word' id='word_1_239' title='bbox 268 1796 460 1838; x_wconf 89' lang='lat' dir='ltr'>Priorem</span> <span class='ocrx_word' id='word_1_240' title='bbox 482 1797 786 1847; x_wconf 89' lang='lat' dir='ltr'>adnullaretur,</span> <span class='ocrx_word' id='word_1_241' title='bbox 810 1804 854 1837; x_wconf 90' lang='lat' dir='ltr'>et</span> <span class='ocrx_word' id='word_1_242' title='bbox 884 1810 964 1850; x_wconf 79' lang='lat' dir='ltr'>pio</span> <span class='ocrx_word' id='word_1_243' title='bbox 998 1795 1115 1836; x_wconf 90' lang='lat' dir='ltr'>nullo</span> <span class='ocrx_word' id='word_1_244' title='bbox 1136 1796 1504 1849; x_wconf 82' lang='lat' dir='ltr'>pronunciaietur,</span> <span class='ocrx_word' id='word_1_245' title='bbox 1528 1799 1589 1840; x_wconf 85' lang='lat' dir='ltr'>sic</span> 
     </span>
     <span class='ocr_line' id='line_1_30' title="bbox 65 1853 1589 1910; baseline 0.003 -18"><span class='ocrx_word' id='word_1_246' title='bbox 65 1854 315 1908; x_wconf 86' lang='lat' dir='ltr'>composuit.</span> <span class='ocrx_word' id='word_1_247' title='bbox 376 1856 593 1898; x_wconf 85' lang='lat' dir='ltr'>Dixerunt</span> <span class='ocrx_word' id='word_1_248' title='bbox 629 1864 770 1897; x_wconf 86' lang='lat' dir='ltr'>tamen</span> <span class='ocrx_word' id='word_1_249' title='bbox 807 1854 952 1910; x_wconf 83' lang='lat' dir='ltr'>aliqui,</span> <span class='ocrx_word' id='word_1_250' title='bbox 991 1853 1105 1909; x_wconf 88' lang='lat' dir='ltr'>quod</span> <span class='ocrx_word' id='word_1_251' title='bbox 1139 1868 1193 1894; x_wconf 85' lang='lat' dir='ltr'>ex</span> <span class='ocrx_word' id='word_1_252' title='bbox 1214 1869 1299 1909; x_wconf 92' lang='lat' dir='ltr'>quo</span> <span class='ocrx_word' id='word_1_253' title='bbox 1320 1854 1589 1910; x_wconf 85' lang='lat' dir='ltr'>privilegium</span> 
     </span>
     <span class='ocr_line' id='line_1_31' title="bbox 65 1909 1586 1969; baseline 0.001 -18"><span class='ocrx_word' id='word_1_254' title='bbox 65 1909 146 1952; x_wconf 87' lang='lat' dir='ltr'>fnit</span> <span class='ocrx_word' id='word_1_255' title='bbox 176 1927 307 1952; x_wconf 90' lang='lat' dir='ltr'>unum</span> <span class='ocrx_word' id='word_1_256' title='bbox 338 1913 392 1954; x_wconf 91' lang='lat' dir='ltr'>de</span> <span class='ocrx_word' id='word_1_257' title='bbox 416 1914 710 1969; x_wconf 87' lang='lat' dir='ltr'>jurisdictione</span> <span class='ocrx_word' id='word_1_258' title='bbox 743 1911 1124 1955; x_wconf 77' lang='lat' dir='ltr'>Aichidiaconatus</span> <span class='ocrx_word' id='word_1_259' title='bbox 1155 1926 1402 1954; x_wconf 88' lang='lat' dir='ltr'>concessum</span> <span class='ocrx_word' id='word_1_260' title='bbox 1433 1913 1586 1964; x_wconf 88' lang='lat' dir='ltr'>Priori,</span> 
     </span>
    </p>
   </div>
   <div class='ocr_carea' id='block_1_3' title="bbox 67 1969 1590 2085">
    <p class='ocr_par' dir='ltr' id='par_1_3' title="bbox 67 1969 1590 2085">
     <span class='ocr_line' id='line_1_32' title="bbox 67 1969 1590 2028; baseline 0.003 -18"><span class='ocrx_word' id='word_1_261' title='bbox 67 1983 142 2023; x_wconf 83' lang='lat' dir='ltr'>per</span> <span class='ocrx_word' id='word_1_262' title='bbox 158 1971 537 2025; x_wconf 85' lang='lat' dir='ltr'>apprehensionem</span> <span class='ocrx_word' id='word_1_263' title='bbox 560 1971 835 2028; x_wconf 85' lang='lat' dir='ltr'>possessionis</span> <span class='ocrx_word' id='word_1_264' title='bbox 853 1970 973 2012; x_wconf 88' lang='lat' dir='ltr'>unius</span> <span class='ocrx_word' id='word_1_265' title='bbox 989 1986 1068 2026; x_wconf 90' lang='lat' dir='ltr'>par</span> <span class='ocrx_word' id='word_1_266' title='bbox 1072 1969 1136 2022; x_wconf 84' lang='lat' dir='ltr'>tis,</span> <span class='ocrx_word' id='word_1_267' title='bbox 1162 1980 1251 2013; x_wconf 87' lang='lat' dir='ltr'>erat</span> <span class='ocrx_word' id='word_1_268' title='bbox 1274 1971 1401 2013; x_wconf 89' lang='lat' dir='ltr'>totius</span> <span class='ocrx_word' id='word_1_269' title='bbox 1423 1987 1590 2027; x_wconf 78' lang='lat' dir='ltr'>posses-</span> 
     </span>
     <span class='ocr_line' id='line_1_33' title="bbox 67 2028 415 2085; baseline 0.011 -17"><span class='ocrx_word' id='word_1_270' title='bbox 67 2028 128 2070; x_wconf 84' lang='lat' dir='ltr'>sio</span> <span class='ocrx_word' id='word_1_271' title='bbox 149 2029 415 2085; x_wconf 86' lang='lat' dir='ltr'>perquisita.]</span> 
     </span>
    </p>
   </div>
  </div>
 </body>
</html>
