1807 2962
201 118 273 166 civ
510 136 644 169 HIST.
672 137 909 170 DUNELM.
939 137 1246 169 sempronns
1272 137 1413 170 ’runs‘

203 240 277 283 siae
321 245 788 296 excommunicationis,
838 245 1069 300 capitulum
1116 259 1216 286 vero
1256 243 1483 299 praedictos
1513 242 1727 286 interdicti

204 301 435 343 sententias
456 317 506 357 pl
508 303 756 360 omuloavlt
790 303 1006 352 Quocirca
1026 302 1268 344 discretioni
1290 314 1441 344 vestrae
1463 316 1538 357 per
1558 311 1730 357 aposto-

202 357 285 399 lica
305 359 460 414 scripta
480 361 743 411 mandamus,
766 361 974 428 quatinus,
999 362 1157 402 vocatis
1179 361 1251 416 qui
1270 360 1428 402 fuerint
1448 360 1667 411 evocandi,
1686 368 1730 402 et

204 416 358 458 auditis
380 418 477 460 hinc
499 419 596 460 inde
617 420 857 484 propositis,
880 419 995 475 quod
1017 418 1264 460 canonicum
1281 418 1422 468 fuerit,
1440 418 1730 473 appellacione

206 476 459 530 postposita,
484 477 612 518 dece1
615 486 747 526 natis
769 476 971 518 facientes
988 477 1103 533 quod
1125 476 1395 518 deereve1itis
1416 491 1492 531 per
1513 491 1732 517 censuram

207 533 532 575 ecclesiasticam
575 535 626 576 fir
630 535 753 576 mitel
792 535 1020 577 observari.
1083 535 1235 576 Testes
1277 543 1434 585 autem,
1472 534 1544 590 qui
1575 533 1734 575 fuerint

207 591 428 642 nominati,
462 592 494 632 si
529 609 570 633 se
601 593 752 649 gratia,
788 594 903 643 odio,
941 594 1007 635 vel
1038 593 1190 634 timore
1221 592 1523 642 subtraxerint,
1557 606 1735 633 censura

207 647 344 699 simili,
384 651 673 705 appellacione
705 660 908 702 cessante,
942 652 1102 708 cogatis
1134 651 1300 692 veritati
1331 650 1618 692 testimonium
1641 665 1737 705 per-

205 705 367 748 hibere.
420 709 552 757 Quod
574 708 607 749 si
628 724 715 750 non
736 724 882 751 omnes
904 710 984 750 hiis
1002 710 1264 766 exequendis
1282 708 1503 764 potueritis
1519 708 1734 757 interesse,

209 772 269 814 tn,
301 765 432 807 frater
466 767 690 822 Episcope,
719 782 814 809 cum
837 783 985 808 eorum
1007 768 1139 809 altero
1160 783 1212 809 ea
1232 767 1528 809 nichilominus
1550 780 1737 823 exequa-

209 822 281 866 ris
380 824 496 866 Data
534 825 798 880 Burdegalis‚
837 840 892 866 xv
930 826 1130 868 kalendas
1166 825 1428 876 Decembris,
1465 824 1736 881 pontificatus

209 881 341 922 nostri
364 897 477 926 anno
498 883 697 928 secundo.

332 1126 515 1154 Lxxxv1.
550 1127 791 1155 CIIETANZA
824 1116 1306 1156 D'ALCHAMARLINGHO
1336 1127 1393 1155 DE
1422 1117 1461 1155 L’
1486 1129 1623 1157 σοιΕ-

397 1185 476 1213 GIO
501 1172 541 1211 D’
565 1173 686 1214 FioR'
709 1187 790 1216 MD.
816 1174 952 1213 D’oRE
976 1186 1002 1213 A.
1026 1173 1064 1213 L’
1087 1186 1260 1214 PRIORE
1284 1174 1325 1213 D’
1348 1187 1556 1215 DUREME.

829 1263 943 1307 [Orig.
959 1263 1040 1297 Loc.
1061 1264 1129 1305 18.]

273 1334 364 1375 Nos
404 1335 643 1390 Stephanus
677 1334 948 1377 miseratione
982 1334 1141 1376 Divina
1173 1334 1297 1377 titulo
1332 1336 1475 1378 Sancti
1512 1336 1665 1378 Ciriaci
1699 1336 1741 1377 in

213 1392 384 1434 Termis
434 1394 640 1448 presbiter
684 1394 934 1443 cardinalis,
980 1393 1162 1447 Collegii
1203 1395 1533 1435 reverendorum
1576 1405 1742 1450 patrum

214 1451 482 1492 dominorum
517 1451 803 1493 Cardinalium
836 1461 992 1493 sanctae
1027 1451 1234 1493 Romanae
1261 1453 1453 1494 ecclesiae
1475 1453 1742 1502 camerarius,

214 1511 569 1564 recognoscimus,
603 1518 646 1551 et
668 1519 814 1551 tenore
836 1510 1113 1565 praesencium
1137 1510 1407 1561 confitemur,
1431 1512 1546 1567 quod
1568 1526 1744 1552 venera·-

215 1567 311 1609 bilis
355 1568 483 1608 frater
520 1567 788 1609 Guillielmus
835 1568 955 1608 Prior
992 1567 1181 1608 ecclesiae
1220 1569 1538 1619 Dunelmensis„
1576 1569 1745 1611 racione

217 1625 411 1681 promissi
444 1641 518 1680 per
549 1641 645 1667 eum
667 1626 901 1667 communis
923 1625 1085 1666 servicii
1112 1626 1351 1683 Collegium
1376 1626 1586 1668 dictorum
1610 1628 1747 1668 domi·

219 1699 372 1725 norum
409 1684 696 1725 Cardinalium
730 1684 1027 1740 001itingentiS‚
1062 1684 1175 1725 mille
1208 1694 1250 1726 et
1282 1686 1539 1740 quingentos
1567 1686 1747 1726 florenes

221 1743 310 1783 anri
332 1757 411 1797 pro
433 1742 551 1783 dicto
578 1743 773 1797 Collegio
796 1743 917 1783 nobis
939 1757 1014 1796 per
1036 1757 1183 1783 manus
1207 1743 1398 1784 Bartholi
1424 1743 1672 1798 Uguicionis
1694 1743 1748 1784 de

224 1801 436 1842 Societate
472 1800 744 1841 Peruciorum
779 1801 832 1842 de
867 1800 1104 1850 Florencia‚
1138 1809 1296 1841 statuto
1330 1801 1407 1842 sibi
1430 1801 1626 1851 termino,
1645 1801 1750 1842 solvi

222 1858 338 1901 fecit.
402 1859 471 1899 De
508 1858 661 1913 quibus
695 1859 752 1899 sic
786 1858 933 1899 solutis
968 1858 1150 1899 eundem
1191 1858 1381 1900 Priorem
1418 1859 1673 1900 absolvimus
1708 1867 1750 1900 et

222 1916 468 1971 quittamus.
531 1916 602 1958 Ad
635 1917 885 1957 solvendum
918 1930 1019 1956 vero
1050 1926 1298 1956 consuetum
1332 1917 1551 1958 servicium
1573 1917 1752 1958 familia-

222 1977 331 2015 rium
369 1973 472 2014 dicti
508 1974 702 2029 collegii,
737 1974 853 2029 quod
885 1973 1021 2014 adhuc
1053 1982 1183 2014 restat
1204 1974 1467 2025 solvendum,
1492 1976 1568 2015 sub
1592 1975 1749 2016 eisdem

223 2031 360 2087 poenis
393 2041 433 2072 et
464 2032 680 2072 sententiis
711 2031 862 2086 quibus
893 2031 947 2071 ad
979 2031 1223 2072 solvendum
1256 2033 1387 2073 totale
1408 2033 1626 2073 servicium
1650 2033 1753 2073 dicti

230 2089 410 2143 Collegii
442 2097 486 2129 et
518 2103 664 2130 eorum
697 2088 963 2130 familiarium
986 2097 1075 2129 erat
1098 2089 1302 2144 praefatus
1328 2090 1450 2131 Prior
1471 2101 1569 2133 ante
1592 2091 1754 2147 obliga-

226 2158 310 2197 tus,
348 2162 477 2203 usque
509 2147 563 2187 ad
595 2147 753 2188 instans
776 2147 929 2188 festum
955 2147 1270 2203 Assumpcionis
1291 2148 1431 2189 beatae
1457 2149 1608 2189 Mariae
1631 2149 1754 2203 virgi-

227 2205 290 2246 nis
327 2204 464 2246 eidem
508 2204 734 2245 terminum
771 2219 1062 2259 prorogamus.
1138 2206 1183 2245 ln
1218 2209 1334 2262 cujus
1372 2207 1431 2247 rei
1468 2207 1752 2248 testimonium

227 2273 456 2319 praesentes
479 2262 640 2304 litteras
661 2263 739 2304 sibi
762 2263 1044 2313 concedimus,
1064 2263 1186 2317 sigilli
1204 2264 1334 2305 nostri
1350 2265 1605 2319 appensione
1621 2265 1755 2305 muni-

230 2332 306 2363 tas.
373 2321 500 2361 Datae
534 2321 750 2371 Avinion',
785 2321 854 2362 die
876 2321 1112 2376 penultima
1133 2322 1285 2364 mensis
1310 2322 1429 2375 Maii,
1450 2338 1561 2365 anno
1582 2323 1754 2364 Domini

232 2379 456 2421 millesimo
479 2378 767 2421 tricentesimo
791 2378 1031 2421 undecimo.

837 2495 934 2537 Seal
952 2496 1106 2535 wanlin
1103 2509 1144 2547 ῥ’.
