1807 2962
550 109 827 148 APPENDIX.
866 108 986 145 ANN.
1016 110 1155 145 mnis.⁴
1400 98 1601 147 cccxcix

77 233 120 268 et
142 222 255 266 salve
276 222 433 278 regina,
459 221 499 262 in
520 221 651 263 choro
673 221 862 263 ecclesiae
883 220 1136 262 cathedralis
1169 219 1466 261 Dunelmensis
1497 234 1606 274 prae-

77 284 205 325 dictae
227 297 322 323 cum
345 281 555 336 priknote,
588 279 1009 328 ‹lisca11t5fabu1·don,
1040 288 1083 319 et
1114 277 1317 334 organico
1348 288 1475 318 cantu
1507 292 1607 318 con-

71 341 252 396 junctim
275 348 318 380 et
350 337 515 378 divisim
547 337 826 386 celebrandis,
861 351 886 377 a
917 335 1124 391 principio
1159 336 1372 377 dictorum
1405 347 1607 375 cantuum

78 409 211 454 u‘sque
233 397 287 438 ad
309 397 435 437 finem
457 395 639 445 illorum,
663 394 740 434 nisi
762 395 896 448 ipsum
920 394 1060 449 aliqua
1075 393 1264 447 legitima
1285 407 1411 434 causa
1431 392 1609 446 impedi-

84 466 142 506 at,
166 454 446 510 personaliter
467 453 684 502 interesse,
708 451 853 492 habita
873 451 928 492 ad
950 451 1030 492 hoc
1053 450 1188 492 eciam
1210 466 1235 492 a
1249 460 1512 505 praecentore
1534 465 1610 491 seu

82 517 174 570 ejus
196 513 336 553 locum
354 519 526 552 tenente
548 510 736 559 licencia,
763 508 1022 550 modulando
1053 508 1212 549 ibidem
1235 522 1361 563 super
1382 522 1553 561 organa,
1576 508 1610 548 si

81 585 253 612 necesse
276 569 413 618 fuerit,
433 569 521 608 sive
543 567 784 608 admonitus
807 580 881 607 seu
903 565 1137 620 aSSIgnatus
1160 565 1299 615 fuerit,
1332 573 1610 621 tenoremque

83 628 139 670 ad
159 636 304 669 cantus
326 624 708 680 supranominatOS,
731 633 804 664 aut
826 623 950 664 aliam
967 623 1061 664 voci
1074 638 1161 663 suae
1175 632 1338 677 partem
1360 624 1491 677 magis
1508 638 1611 663 con-

83 693 322 741 gruentem,
346 699 371 724 a
391 691 655 737 praecentore
676 696 749 722 seu
771 681 860 735 ejus
881 681 1021 721 locum
1042 690 1219 735 gerente
1251 680 1521 735 assignatam.
1554 680 1612 721 Et

88 743 302 785 tenebitur
322 740 479 782 cotidie
501 738 781 794 personaliter
802 738 1003 779 interesse
1026 738 1161 779 missae
1183 739 1321 780 beatae
1345 738 1496 779 Mariae
1518 738 1616 778 Vir-

85 801 206 856 giniS,
238 814 263 840 a
283 797 492 853 principio
523 811 655 852 usque
677 796 732 837 ad
754 796 896 846 finem,
920 811 1017 836 cum
1049 804 1164 846 nota,
1196 797 1240 836 in
1263 795 1428 838 Galil'ea
1451 796 1614 836 Dunel-

87 857 220 899 mensi
241 855 520 904 celebrandae,
544 854 737 894 canendo
767 854 821 894 ad
853 853 1032 895 eandem
1061 854 1228 894 missam
1250 854 1422 908 planum
1444 862 1615 895 cantum

88 918 175 957 sive
196 914 457 969 organicum,
483 911 655 953 meliore
678 911 807 952 modo
830 926 914 967 quo
935 911 1104 952 sciverit
1126 921 1168 952 et
1191 911 1362 966 poterit,
1388 911 1495 952 sicut
1516 926 1617 951 con-

90 972 239 1028 tigerit
255 971 358 1013 alios
380 970 537 1011 ibidem
560 978 733 1010 cantare
754 984 832 1024 pro
855 978 1061 1024 tempore,
1084 969 1162 1010 nisi
1192 969 1380 1025 legitima
1401 977 1443 1010 et
1466 983 1619 1022 magna

91 1045 218 1072 causa
240 1029 374 1084 ipsum
398 1027 616 1083 impediat.
684 1026 813 1074 Quod
830 1024 863 1066 si
886 1026 979 1068 talis
1011 1040 1136 1068 cansa
1157 1026 1373 1068 emerserit
1395 1027 1510 1083 quod
1540 1027 1620 1067 ibi-

95 1089 194 1130 dem
229 1087 431 1128 interesse
463 1099 546 1126 non
569 1084 723 1139 poterit
742 1093 842 1125 tunc
863 1084 991 1125 alium
1012 1085 1228 1141 ydoneum
1245 1087 1333 1141 ejus
1356 1085 1450 1126 loco
1472 1093 1512 1126 et
1529 1084 1619 1125 offi-

94 1146 161 1187 cio
192 1143 453 1198 subrogabit.
516 1142 752 1184 Tenebitur
788 1141 918 1183 eciam
956 1142 1011 1183 ad
1046 1144 1319 1184 vocacionem
1348 1142 1624 1197 praecentoris

91 1203 283 1259 praefatae
305 1201 493 1242 ecclesiae
511 1199 763 1241 cathedralis
782 1200 1097 1250 Dunelmensis,
1117 1216 1191 1242 seu
1213 1201 1300 1255 ejus
1314 1200 1453 1241 locum
1476 1210 1621 1241 tenen-

93 1262 161 1310 tis,
180 1276 258 1315 pro
280 1259 472 1300 cantibus
493 1257 779 1313 praevidendis
802 1258 964 1299 tociens
982 1259 1180 1314 quociens
1202 1259 1255 1299 ad
1284 1259 1362 1299 hac
1394 1258 1621 1313 praemuni-

94 1329 162 1360 tus
178 1318 319 1360 fuerit.
389 1317 565 1370 Insuper
586 1316 699 1356 idem
718 1315 953 1367 Johannes,
972 1316 1160 1372 quolibet
1182 1332 1307 1366 anno,
1331 1316 1512 1357 durante
1536 1324 1620 1357 ter-

95 1376 214 1418 mino
242 1373 502 1430 supradicto,
538 1372 739 1429 quamdiu
772 1374 881 1415 bene
913 1384 955 1415 et
988 1375 1210 1416 commode
1235 1375 1426 1415 laborare
1447 1373 1620 1428 poterit,

97 1449 224 1475 unam
243 1447 397 1474 novam
413 1431 582 1472 missam
597 1441 779 1487 quatuor
802 1432 868 1472 vel
885 1432 1071 1488 quinque
1092 1432 1295 1487 parcium,
1319 1432 1383 1473 vel
1405 1431 1562 1487 aliquid
1584 1431 1622 1472 ei

98 1491 358 1548 equivalenS,
383 1489 490 1530 sicut
507 1488 692 1544 praefatis
716 1489 853 1530 Priori
875 1499 919 1531 et
939 1489 1193 1544 praecentori
1210 1505 1288 1544 pro
1306 1498 1497 1544 tempore
1514 1489 1627 1530 exis-

99 1549 286 1591 tentibus
318 1547 453 1588 visum
484 1547 626 1597 fuerit,
660 1546 700 1586 in
722 1546 929 1588 honorem
953 1547 1052 1598 Dei,
1075 1548 1212 1589 beatae
1235 1546 1388 1588 Mariae
1426 1546 1624 1601 Virginis,

98 1620 143 1649 et
175 1605 307 1647 sancti
349 1604 588 1654 cuthberti,
626 1604 765 1646 facere
797 1604 1023 1646 tenebitur.
1086 1604 1172 1646 Pro
1193 1604 1342 1661 quibus
1365 1604 1559 1645 omnibus
1581 1615 1626 1647 et

99 1664 272 1719 singulis
307 1662 508 1712 serviciis,
546 1662 656 1703 bene
691 1670 735 1703 et
766 1662 948 1703 fideliter
977 1662 1284 1716 impendendis,
1308 1662 1411 1703 dicti
1437 1662 1560 1703 Prior
1582 1672 1627 1705 et

103 1723 352 1765 Conventus
388 1735 466 1774 pro
500 1734 544 1760 se
567 1728 609 1760 et
630 1720 942 1761 successoribus
964 1720 1062 1770 suis,
1087 1730 1388 1762 concesserunt
1409 1720 1526 1761 dicto
1550 1721 1625 1761 Jo-

101 1780 232 1821 hanni
269 1778 489 1833 Tildesley
526 1777 676 1819 decem
712 1776 839 1818 libras
874 1778 1021 1835 legalis
1053 1788 1238 1820 monetae
1263 1778 1430 1833 Angliae
1451 1778 1503 1819 ad
1528 1779 1624 1834 iiij0‘

102 1837 203 1879 anni
237 1836 454 1885 terminos,
491 1835 650 1876 scilicet
686 1835 741 1876 ad
777 1835 888 1877 festa
923 1836 1267 1878 annunciacionis
1298 1837 1438 1877 beatae
1473 1836 1625 1878 Mariae

107 1893 310 1951 Virginis,
361 1892 496 1933 sancti
535 1892 741 1934 Johannis
785 1893 1003 1948 Baptistae,
1045 1894 1180 1935 sancti
1220 1893 1445 1935 Michaelis
1490 1895 1624 1936 Arch-

103 1951 260 2006 angeli,
288 1958 332 1992 et
366 1950 597 1992 nativitatis
635 1949 825 2001 Domini,
860 1966 935 2006 per
968 1953 1142 2008 equales
1162 1951 1399 2007 porciones,
1424 1967 1507 1993 una
1527 1968 1626 1995 cum

106 2010 240 2051 tribus
276 2008 384 2050 ulnis
421 2007 550 2063 panni
583 2008 638 2049 de
671 2017 786 2049 secta
817 2024 1122 2063 generosorum
1158 2009 1405 2051 clericorum
1436 2011 1628 2066 quolibet

105 2082 219 2109 anno
256 2067 311 2108 ad
345 2066 608 2107 nativitatem
642 2066 817 2107 Domini
839 2066 1118 2122 recipiendis;
1151 2068 1394 2109 habendum
1417 2077 1460 2110 et
1481 2078 1629 2110 tenen-

105 2126 207 2166 dum
243 2123 506 2179 supradictas
537 2123 687 2164 decem
720 2123 848 2165 libras
880 2134 922 2166 et
952 2134 1037 2166 tres
1068 2126 1188 2166 ulnas
1221 2125 1348 2180 panni
1368 2125 1536 2182 prefato
1557 2127 1634 2168 Jo-

105 2183 239 2224 hanni
271 2197 297 2222 a
331 2181 448 2222 dicto
487 2181 636 2222 Priore
672 2189 714 2222 et
750 2182 1062 2224 successoribus
1094 2183 1178 2224 suis
1199 2183 1313 2237 apud
1330 2184 1633 2226 monasterium

109 2239 401 2281 Dunelmense
423 2239 655 2288 annuatim,
679 2239 734 2279 ad
756 2241 960 2280 terminos
976 2241 1255 2294 supradictos,
1274 2241 1476 2296 quamdiu
1491 2242 1633 2284 omnia

108 2308 154 2338 et
189 2296 354 2352 singula
388 2295 602 2349 praemissa
633 2295 761 2336 modo
793 2304 837 2337 et
865 2296 1001 2337 forma
1027 2298 1274 2351 praenotatis
1295 2298 1440 2340 fecerit
1461 2308 1502 2340 et
1524 2300 1632 2342 bene

108 2353 438 2410 perimpleverit.
506 2351 551 2392 Si
582 2367 683 2393 vero
715 2353 932 2407 contingat
961 2353 1124 2395 dictum
1145 2355 1384 2396 Johannem
1406 2355 1449 2396 in
1471 2364 1634 2399 tantam

111 2411 375 2453 debilitatem
422 2409 571 2450 morbo
616 2408 804 2451 incidere
853 2411 919 2451 vel
960 2410 1222 2462 infirmitate,
1265 2413 1381 2468 quod
1417 2415 1634 2468 praemissa

109 2469 251 2510 facere
281 2483 351 2508 seu
374 2466 626 2522 perimplere
657 2476 853 2522 nequeat,
887 2477 1044 2510 extunc
1062 2469 1172 2510 idem
1194 2470 1408 2511 Johannes
1429 2473 1511 2512 erit
1533 2487 1636 2514 con·

112 2535 254 2568 tentus
287 2525 505 2580 percipere
541 2526 759 2566 annuatim
792 2525 845 2565 de
878 2525 1065 2580 praefatis
1105 2527 1251 2569 Priore
1273 2536 1317 2569 et
1341 2528 1569 2571 Conventu
1591 2539 1635 2572 et

112 2582 422 2625 successoribus
462 2581 558 2631 suis,
606 2596 683 2636 pro
735 2591 927 2637 tempore
964 2583 1266 2626 incumbenciae
1302 2600 1404 2636 suae,
1448 2587 1634 2645 quinque

112 2655 274 2682 marcas
296 2639 452 2681 usualis
469 2648 654 2680 monetae
677 2639 856 2694 Angliae.
909 2641 1019 2682 Item
1042 2650 1184 2683 tamen
1206 2643 1321 2699 quod
1343 2645 1485 2686 omnia
1504 2661 1637 2689 onera

115 2697 410 2753 suprascripta,
445 2707 652 2752 quantum
689 2697 849 2753 absque
886 2712 962 2739 sua
994 2699 1187 2741 molestia
1207 2701 1345 2743 facere
1365 2704 1536 2757 poterit,
1559 2720 1636 2760 pe-

116 2755 312 2811 rimpleat
334 2770 407 2797 seu
430 2754 569 2796 faciat.
638 2754 686 2797 ln
709 2755 826 2810 cujus
849 2754 909 2797 rei
932 2756 1222 2800 testimonium
1247 2757 1315 2802 uni
1333 2759 1444 2815 parti
1461 2760 1635 2805 istarum
