1807 2962
177 53 396 103 CCIXXXVI
478 68 623 101 HIST.
653 64 891 99 DUNELm.
920 64 1226 97 SCRIPTORES
1251 66 1390 99 TRES.

176 177 408 222 servandis.
475 175 584 218 Item
607 189 713 216 unus
727 173 838 215 calix
859 179 1083 227 argenteus
1105 180 1149 214 et
1162 171 1406 217 deauratus
1473 173 1583 215 Item
1602 173 1699 215 duae

177 236 292 278 fiolae
333 244 540 293 argentae,
583 247 762 290 quarum
804 245 889 273 una
927 230 1145 272 deaurata.
1227 230 1336 272 Item
1366 245 1451 272 una
1480 231 1623 274 casula
1643 233 1698 275 de

174 296 310 336 rubeo
333 294 523 336 welweto
543 292 726 334 brodata
747 303 843 331 cum
865 290 924 345 ΞΘ
945 286 1172 338 coronatis,
1195 302 1291 329 cum
1313 288 1411 331 alba
1431 289 1486 330 de
1508 289 1700 332 welweto

175 349 359 395 brodata
387 366 484 393 cum
515 350 618 407 ἕως.
683 348 792 390 Item
825 347 958 387 unum
990 345 1291 387 vestimentum
1312 347 1365 388 de
1386 361 1530 401 panno
1551 362 1698 399 aureo,

174 425 273 452 cum
294 410 404 452 stola
424 417 468 451 et
490 406 705 460 manipulo
722 414 766 447 et
787 403 1011 459 corporali.
1075 403 1185 445 Item
1203 404 1289 446 duo
1306 404 1556 447 vestimenta
1570 406 1700 456 bona,

174 483 357 525 quorum
391 481 523 510 unum
560 465 737 506 rubeum
766 463 821 505 de
854 476 997 517 panno
1029 476 1174 512 aureo,
1198 471 1241 504 et
1263 462 1377 504 aliud
1401 463 1455 504 de
1486 463 1584 505 albo
1605 464 1703 505 wel-

175 535 302 578 weto,
324 539 420 568 cum
442 524 573 567 stellis
595 523 733 565 aureis
755 519 930 562 intextis
952 529 997 561 et
1017 519 1158 576 orfray
1180 535 1275 561 cum
1297 520 1581 577 ymaginibus,
1603 536 1700 563 cum

174 584 296 635 albis,
328 583 462 635 stolis,
496 580 734 637 manipuli5‚
767 578 918 635 palliis,
942 577 1192 620 frontalibus
1213 586 1255 620 et
1277 578 1567 634 corporalibus
1589 580 1701 635 ejus-

175 642 275 684 dem
296 650 440 684 sectae.
501 641 611 682 Item
632 639 719 680 duo
739 636 868 694 panni
899 635 1109 692 scevynde
1131 636 1360 693 [stevynde
1382 636 1426 690 P]
1447 652 1525 693 pro
1546 646 1701 680 ornatu

174 700 331 742 altaris.
393 700 503 742 Item
524 697 611 739 duo
632 696 763 752 panni
779 694 865 737 albi
886 693 1045 749 depicti
1062 708 1155 735 cum
1173 694 1442 752 ymaginibus
1464 709 1542 750 pro
1563 696 1700 740 altari.

176 759 288 801 Item
323 758 410 800 duo
445 755 575 813 panni
604 755 695 797 albi
730 768 808 809 pro
843 751 1177 809 quadragesima,
1200 767 1298 794 curn
1329 753 1526 795 crucibus
1556 754 1701 797 rubeis

172 814 499 872 superconsutiS.
564 813 674 855 Item
716 812 804 853 duo
838 809 1104 867 manutergia
1133 810 1372 865 pendencia
1409 826 1488 866 pro
1518 811 1699 857 locione.

173 876 286 917 Item
317 888 448 916 unum
480 871 661 921 missale,
685 869 801 926 quod
831 869 945 924 prius
968 867 1047 908 fuit
1068 867 1123 909 ad
1144 867 1276 909 altare
1296 869 1430 910 sancti
1456 869 1700 911 Cuthberti.

175 933 289 975 Item
312 946 443 974 unum
465 929 684 986 paxbrede
706 935 953 982 argenteum
975 935 1019 967 et
1035 925 1304 967 deauratum.
1367 927 1474 968 Item
1490 942 1574 970 una
1589 943 1702 970 cam-

172 1005 286 1047 pana
306 1001 509 1047 argentea
529 995 572 1029 et
592 987 811 1029 deaurata.
875 984 985 1025 Item
1008 998 1137 1024 unum
1159 983 1368 1025 diurnale.
1432 984 1538 1027 Item
1567 1001 1698 1028 unum

171 1048 442 1105 portiforium
492 1044 768 1102 portativum.
853 1042 962 1084 Item
1002 1056 1135 1082 unum
1175 1041 1441 1096 portiforium
1482 1058 1698 1098 magnum,

173 1107 391 1164 quondam
412 1102 619 1147 Johannis
644 1103 841 1150 Fossour‚
864 1114 961 1141 cum
983 1099 1211 1140 firmaculis
1233 1101 1442 1156 argenteis
1463 1110 1505 1143 et
1525 1102 1702 1145 deaura-

171 1166 238 1208 tis.
298 1165 411 1206 Item
448 1175 582 1204 unum
618 1159 861 1216 psalterium
903 1171 998 1199 cum
1040 1156 1217 1199 historia
1256 1158 1414 1200 Christi
1455 1159 1625 1215 depicta
1656 1162 1700 1202 in

170 1221 379 1279 principio
410 1220 617 1276 ejusdem.
697 1218 810 1259 Item
851 1214 1006 1257 diversi
1028 1215 1158 1270 panni
1195 1216 1250 1257 de
1286 1215 1408 1258 viridi
1439 1232 1516 1272 pro
1548 1219 1700 1274 tapetis

171 1290 271 1323 ante
306 1280 454 1328 altare,
496 1288 540 1319 et
571 1275 842 1330 bankqueres
878 1288 955 1329 pro
988 1273 1181 1315 scabellis
1214 1273 1385 1316 ibidem.
1448 1275 1556 1317 Item
1590 1292 1700 1319 unus

170 1353 335 1395 paunus
365 1335 534 1379 blodius
569 1349 703 1376 novus
735 1348 815 1389 pro
847 1340 992 1387 tapeta
1026 1341 1124 1372 ante
1154 1331 1301 1374 altare.
1363 1333 1474 1374 Item
1496 1334 1552 1389 iiij
1576 1335 1699 1391 qwis-

171 1397 300 1438 shons
340 1395 395 1437 de
434 1393 596 1444 blodio,
630 1392 684 1433 de
718 1406 848 1447 opere
881 1388 1158 1431 Norwicensi.
1219 1391 1328 1432 Item
1351 1390 1409 1446 iiij
1432 1391 1699 1448 bankqueres

169 1455 328 1511 paliata
344 1454 397 1495 de
419 1451 541 1493 viridi
562 1459 605 1493 et
623 1450 774 1492 rubeo.
856 1448 964 1490 Item
990 1462 1116 1489 unum
1140 1448 1409 1489 armariolum
1430 1463 1586 1491 novum
1617 1467 1699 1507 pro

170 1513 379 1568 compotis
400 1508 716 1552 conservandis.
764 1507 873 1549 Item
894 1506 1009 1547 aliud
1032 1505 1302 1547 armariolum
1325 1521 1402 1562 pro
1425 1507 1540 1548 libris
1554 1515 1699 1551 custo-

171 1571 351 1613 diendis.
393 1569 504 1611 Item
536 1567 563 1623 ij
598 1565 847 1622 suppellicia
867 1579 945 1619 pro
966 1563 1120 1605 clerico
1142 1564 1330 1619 capellae.
1383 1565 1490 1606 Item
1506 1568 1525 1622 j
1543 1582 1698 1622 magna

170 1629 299 1671 archa
334 1642 430 1670 cum
460 1627 584 1668 armis
621 1624 753 1681 Regis
783 1623 963 1678 Angliae,
989 1637 1066 1678 pro
1088 1622 1215 1664 rebus
1237 1621 1523 1678 imponendis.
1586 1626 1698 1668 Item

171 1692 269 1744 111J⁰r
292 1685 547 1729 candelabra
567 1684 620 1725 de
641 1681 867 1724 auricalco.

229 1746 437 1787 JOCALIA.
503 1742 553 1784 In
594 1740 751 1797 primis,
788 1739 832 1780 in
866 1739 1076 1780 CELAmo
1099 1752 1196 1780 VINI
1220 1753 1303 1780 una
1322 1739 1443 1793 pecia
1463 1739 1580 1795 larga
1601 1755 1697 1783 cum

170 1802 427 1858 cooperculo
461 1801 573 1842 bene
604 1799 859 1854 ponderanS,
883 1797 1067 1838 exterius
1090 1806 1251 1839 tantum
1274 1796 1489 1839 deaurata.
1553 1799 1658 1841 Item
1676 1800 1695 1854 j

168 1861 289 1916 pecia
310 1860 447 1901 minor
462 1872 559 1899 cum
580 1856 836 1911 cooperculo
852 1854 1027 1896 interius
1045 1863 1087 1896 et
1103 1854 1289 1896 exterius
1305 1854 1519 1900 deaurata.
1586 1857 1698 1899 Item

163 1919 181 1974 j
218 1917 338 1974 pecia
368 1917 497 1972 plana
526 1930 622 1956 cum
645 1912 915 1968 cooperculo,
939 1912 981 1952 in
1009 1927 1093 1968 qua
1112 1912 1408 1966 insculpuntur
1428 1914 1515 1954 duo
1536 1929 1695 1960 versus.

167 1977 300 2031 ‹Jssugn
331 1981 430 2029 tego
459 1974 546 2022 5³&ss
575 1979 741 2019 tutum.
801 1970 914 2011 Item
944 1984 1031 2010 una
1060 1984 1198 2025 cuppa
1228 1984 1325 2010 cum
1355 1972 1611 2026 cooperculo
1632 1988 1699 2014 ar-

166 2043 322 2088 genteo
342 2040 455 2073 stans
476 2044 602 2085 supra
623 2040 707 2070 tres
737 2027 961 2082 leopardos
983 2027 1221 2077 deauratOS,
1245 2041 1341 2068 cum
1362 2042 1446 2070 una
1466 2043 1625 2072 corona
1655 2031 1697 2072 in

167 2092 410 2133 summitate
447 2086 702 2143 cooperculi.
769 2086 879 2127 Item
905 2085 922 2140 j
947 2084 1067 2140 pecia
1088 2099 1184 2126 cum
1208 2086 1463 2139 cooperculo
1485 2101 1583 2129 cum
1606 2088 1697 2145 {ibt

167 2148 377 2205 insculpto
413 2148 456 2189 in
489 2145 730 2187 summitate
751 2142 1006 2199 cooperculi.
1071 2143 1178 2184 Item
1200 2157 1284 2184 una
1300 2143 1423 2198 pecia
1442 2144 1568 2200 plana
1598 2136 1696 2188 cum

167 2206 424 2263 cooperculo
455 2205 637 2246 habente
670 2201 831 2243 nodum
861 2202 993 2243 latum
1026 2209 1068 2243 et
1099 2201 1350 2242 deauratum
1382 2201 1423 2242 in
1455 2204 1696 2246 summitate

166 2263 420 2320 cooperculi.
472 2263 584 2305 Item
605 2275 648 2302 VI
671 2261 803 2315 peciae
817 2268 1032 2314 argenteae
1049 2259 1186 2314 planae
1202 2273 1300 2299 cum
1321 2259 1450 2301 literis
1473 2261 1519 2316 β
1542 2262 1615 2309 0OE
1631 2262 1695 2304 in-

166 2324 338 2380 sculptis
361 2323 403 2363 in
423 2320 564 2363 fundis
586 2318 829 2367 earundem,
852 2316 977 2358 unius
998 2326 1140 2361 sectae.
1206 2316 1317 2358 Item
1338 2316 1420 2359 alia
1437 2318 1557 2373 pecia
1569 2319 1696 2374 plana

165 2383 301 2424 fracta
329 2381 372 2421 in
400 2380 601 2421 bon-dura.
663 2377 774 2418 Item
799 2374 823 2430 ij
847 2375 1010 2431 pixides
1032 2382 1247 2430 argenteae
1268 2375 1483 2417 deauratae
1505 2391 1584 2432 pro
1601 2378 1696 2433 pul-

166 2456 279 2490 vere,
317 2438 394 2479 viz.
428 2452 512 2479 una
546 2437 686 2492 plana,
724 2442 768 2475 et
799 2433 880 2475 alia
914 2433 1124 2488 insculpta
1140 2447 1235 2474 cum
1263 2432 1400 2474 verbis
1423 2434 1697 2486 fficncuictugf

166 2501 275 2547 Bw&
294 2498 342 2543 in
362 2496 495 2542 nuniz
517 2496 641 2544 zui&⁴
704 2492 813 2533 Item
836 2491 862 2546 ij
887 2491 983 2533 ollae
1016 2500 1244 2546 argenteae,
1267 2489 1431 2545 singula
1452 2490 1695 2533 continente

168 2570 294 2597 unam
325 2555 519 2608 lagenam
539 2566 549 2600 3
582 2560 624 2593 et
653 2549 746 2592 aliae
768 2550 866 2591 duae
887 2549 984 2590 ollae
1006 2557 1233 2603 argenteae,
1257 2548 1425 2601 singula
1446 2548 1694 2591 continente

168 2612 385 2654 dimidiam
416 2611 624 2665 lagenam,
658 2623 753 2649 cum
776 2607 901 2648 armis
923 2607 1113 2648 ecclesiae
1136 2606 1441 2648 Dunelmensis
1463 2606 1503 2646 in
1524 2607 1696 2648 summi-

169 2679 256 2711 tate
289 2667 639 2724 cooperculorum
670 2664 913 2706 earundem.
970 2665 1078 2706 Item
1103 2663 1168 2720 viij
1193 2663 1289 2704 ollae
1311 2663 1363 2704 de
1381 2672 1534 2705 stanno
1556 2664 1694 2706 diver-

167 2742 305 2770 sarum
342 2739 647 2775 mensurarum,
682 2738 759 2779 pro
790 2723 902 2765 vino.
966 2723 1077 2764 Item
1112 2735 1159 2763 1N
1184 2735 1517 2763 PnoMPTUARm
1548 2731 1644 2763 sunt
1668 2723 1692 2776 ij
