1807 2962
198 102 275 147 CXl
525 119 659 152 HIST.
687 119 926 151 DUNELM·
950 120 1258 152 SCRIPTORES
1284 120 1424 154 TRES.

193 223 449 277 intimamus,
483 227 612 283 quod,
646 242 742 268 cum
776 226 1087 268 decreverimus
1120 227 1296 269 dilectos
1328 229 1436 271 filios
1468 230 1658 273 Priorem
1681 243 1725 275 et

195 282 445 338 Capitulum
477 300 526 326 ac
560 285 781 326 ecclesiam
816 294 1003 325 nostram
1038 285 1300 327 antedictum
1334 287 1413 329 hac
1448 289 1621 330 instanti
1656 292 1724 332 die

193 340 401 383 Mercurii
423 342 620 398 proximo
642 343 784 384 futuro
805 343 1028 385 actualiter
1051 343 1233 394 visitare,
1258 360 1313 387 ne
1343 345 1471 402 aliqui
1494 347 1647 389 curiosi
1669 349 1723 390 de

190 397 285 449 hiis,
319 415 416 457 quae
447 416 533 442 non
565 401 819 456 expediunt,
853 401 1006 456 saepius
1038 401 1337 456 d1sceptantes,
1361 403 1414 445 de
1435 404 1561 459 hujus
1581 405 1725 448 visita-

189 455 321 498 cionis
352 459 492 500 officio
521 458 609 500 sive
630 459 766 500 forma
786 459 828 499 in
849 458 977 513 genio
998 459 1148 515 quovis
1170 460 1329 512 subtili,
1353 463 1454 518 quin
1474 464 1622 518 pocius
1644 465 1721 506 fal-

186 514 282 566 laci,
315 516 491 558 forsitan
524 517 776 572 disceptant,
811 517 989 558 dicimus
1021 526 1064 559 et
1099 526 1385 571 protestamur
1415 522 1531 576 quod
1562 530 1721 565 nostrae

187 571 441 616 intencionis
472 590 556 616 non
590 575 736 616 existit
767 590 844 631 per
874 584 1017 617 actum
1048 575 1304 617 visitacionis
1330 577 1573 634 hujusmodi
1595 579 1719 621 dictis

189 630 328 672 Priori
359 642 403 675 et
436 633 636 688 Capitulo
662 633 935 689 ecclesiaeque
956 642 1112 675 nostrae
1135 634 1417 677 Dunolmensi
1440 637 1720 692 prejudicium

187 688 375 745 aliquod,
414 691 556 747 quoad
586 691 938 746 anticipacionem
971 691 1173 747 temporis
1204 707 1429 747 generare:
1482 695 1585 736 dicti
1618 711 1719 737 vero

188 746 314 789 Prior
343 758 386 791 et
410 749 656 805 Capitulum
678 759 980 791 consenserunt
1003 759 1045 791 et
1067 750 1293 792 voluerunt
1312 751 1554 807 hujusmodi
1577 753 1719 796 visita-

186 804 350 847 cionem
382 817 570 849 nostram
602 808 757 858 subire,
780 808 921 865 quoad
951 808 1203 849 brevitatem
1236 811 1453 864 temporis,
1479 811 1533 853 de
1555 812 1714 856 favore.

188 863 238 904 In
259 866 376 919 cujus
392 866 454 907 rei
472 865 759 907 testimonium
780 867 853 907 has
870 867 1011 907 literas
1028 875 1191 907 nostras
1209 867 1300 908 fieri
1317 868 1491 910 fecimus
1508 878 1715 924 patentes

186 920 305 963 Data
337 922 379 964 in
410 923 601 965 manerio
631 933 779 965 nostro
811 925 864 966 de
902 924 1100 974 Stokton,
1134 935 1256 966 sexto
1278 925 1444 967 decimo
1466 927 1535 969 die
1558 928 1715 969 mensis

187 979 308 1031 Maii,
347 997 461 1023 anno
496 982 687 1024 Domino
720 987 803 1022 Μῐῐω
838 988 957 1023 000ῐῃο
989 982 1304 1037 septuagesimo
1326 985 1479 1040 primo,
1505 994 1547 1027 et
1568 1000 1714 1028 conse-

184 1038 389 1081 cracionis
412 1049 569 1082 nostrae
592 1041 790 1082 vicesimo
812 1049 947 1082 sexto.

298 1318 456 1346 CXXIII.
492 1320 660 1347 LITERA
682 1319 888 1348 ROBERTI
913 1320 971 1347 DE
994 1320 1195 1348 NEVILLE
1219 1321 1275 1348 ET
1300 1321 1519 1349 EUFEMIAE
1534 1323 1591 1350 DE

782 1378 1103 1407 HESERLATON.

785 1473 997 1518 [Reg.11.f.
1016 1476 1110 1518 262]

230 1568 559 1610 Venerabilibus
581 1568 724 1609 amicis
739 1576 782 1610 et
805 1567 1022 1623 generosis
1054 1567 1236 1609 dominis
1273 1568 1466 1610 Roberto
1488 1569 1540 1611 de
1564 1570 1703 1612 Nevill

174 1634 215 1666 et
264 1626 483 1668 Eufemeae
525 1627 579 1668 de
617 1627 894 1677 Heserlaton,
937 1626 1147 1681 germanis
1188 1627 1444 1678 reverendis,
1488 1628 1706 1670 Johannes

173 1684 296 1725 Prior
318 1685 505 1726 ecclesiae
527 1685 779 1726 cathedralis
804 1684 1105 1726 Dunelmensis
1128 1693 1170 1726 et
1191 1685 1378 1741 ejusdem
1400 1686 1480 1728 loci
1508 1687 1706 1728 Conven-

171 1751 238 1782 tus
271 1743 515 1784 oracionum
548 1744 748 1800 suffragia
784 1744 1035 1785 devotarum
1076 1758 1172 1784 cum
1194 1744 1438 1785 reverencia
1460 1744 1700 1789 ethonore.

174 1799 293 1841 Inter
348 1810 505 1843 caetera
547 1801 717 1856 pietatis
773 1817 904 1857 opera
949 1801 1116 1842 illorum
1159 1802 1240 1856 piae
1287 1802 1486 1856 peticioni
1528 1804 1705 1845 condes-

170 1859 356 1900 cendere
406 1860 606 1901 duximus
653 1860 743 1901 fore
783 1859 1058 1914 praecipuum,
1109 1860 1181 1915 qui
1234 1860 1345 1901 diem
1399 1862 1546 1902 mortis
1602 1872 1701 1903 ante

169 1916 316 1957 oculos
338 1918 490 1958 mentis
526 1932 690 1972 semper
722 1917 938 1967 habentes,
962 1916 1110 1958 mortis
1141 1918 1390 1959 memoriam
1413 1919 1540 1960 etiam
1563 1919 1702 1961 adhuc

169 1973 211 2013 in
233 1989 359 2015 carne
374 1975 500 2029 positi
518 1974 743 2016 devocioni
760 1974 947 2015 fidelium
967 1975 1140 2016 student
1153 1985 1361 2030 perpetuo
1383 1977 1696 2021 commendare.

175 2031 394 2087 Siquidem
432 2033 485 2073 ad
527 2033 790 2074 audienciam
823 2041 1010 2073 nostram
1042 2033 1254 2088 perlatum
1296 2042 1374 2084 est,
1410 2035 1699 2077 insinuacione

166 2090 434 2145 quorundam
456 2091 686 2144 fidedigna,
711 2091 826 2146 quod
858 2091 913 2131 ob
950 2091 1195 2131 devocionis
1217 2091 1547 2143 inmensitatem,
1572 2109 1700 2149 quam

165 2147 329 2189 habetis
351 2148 391 2188 in
414 2149 741 2202 presenciarum,
758 2163 860 2204 erga
880 2148 1108 2202 gloriosum
1126 2157 1349 2203 patronum
1365 2160 1556 2191 nostrum
1579 2167 1700 2193 sane-

165 2214 256 2247 tum
293 2205 576 2248 Cuthbertum
611 2215 888 2262 nostrumque
930 2206 1170 2260 collegium,
1206 2207 1462 2261 sepulturam
1501 2209 1698 2264 optinere

163 2263 315 2319 cupitis
338 2265 379 2304 in
406 2264 574 2306 Galilea
596 2273 742 2306 nostra
764 2264 1056 2315 Dunelmensi,
1081 2274 1299 2319 sperantes
1322 2266 1626 2316 indubitanter,
1650 2277 1698 2309 ut

164 2332 228 2363 est
250 2321 489 2373 verisimile,
513 2337 585 2363 vos
622 2331 744 2364 tanto
776 2321 963 2364 securius
996 2331 1199 2379 tantoque
1222 2322 1358 2364 tucius
1381 2325 1459 2365 sub
1481 2324 1555 2365 alis
1584 2327 1699 2381 ejus-

163 2380 262 2421 dem
297 2380 471 2435 gloriosi
510 2380 775 2423 Confessoris
810 2389 908 2436 post
942 2391 1123 2422 mortem
1156 2380 1384 2437 quiescere,
1420 2392 1578 2438 quanto
1605 2383 1695 2438 ejus

162 2437 303 2479 locum
329 2454 495 2480 sacrum
526 2440 569 2481 in
592 2438 676 2480 vita
697 2447 838 2480 vestra
858 2453 947 2493 prae
970 2439 1123 2480 ceteris
1144 2439 1369 2481 affectione
1392 2440 1695 2495 amplectimini

161 2496 326 2540 cariori.
391 2497 483 2539 Nos
502 2512 603 2538 vero
620 2496 974 2538 consideracionis
988 2497 1158 2538 oculum
1177 2512 1233 2538 ex
1250 2499 1448 2553 opposito
1466 2498 1694 2552 dirigentes

160 2554 364 2596 attentius
387 2556 441 2596 ad
463 2555 616 2596 merita
637 2555 806 2596 diversa
827 2564 869 2596 et
891 2555 1006 2596 varia
1027 2555 1332 2597 venerabilium
1355 2565 1580 2610 parentum
1603 2571 1694 2598 ves-

160 2620 334 2663 trorum,
373 2628 538 2655 necnon
571 2613 787 2668 potissime
819 2617 861 2654 in
893 2613 972 2654 hac
1003 2622 1124 2669 parte
1146 2613 1200 2654 ad
1222 2623 1401 2655 vestram
1425 2614 1693 2656 affectionem

158 2684 298 2711 caram
331 2686 457 2726 quam
495 2686 596 2725 erga
628 2680 672 2711 et
708 2680 852 2712 nostra
889 2675 990 2724 [ita]
1022 2671 1182 2728 geritiS,
1208 2671 1483 2727 volentesque
1506 2672 1548 2712 in
1572 2682 1692 2726 parte

158 2728 276 2768 vobis
310 2728 641 2770 vicissitudinem
679 2738 856 2783 gratam,
892 2738 938 2770 ut
971 2740 1178 2779 tenemur,
1211 2729 1462 2784 rependere,
1487 2730 1540 2770 ad
1564 2730 1690 2771 vestri

156 2793 329 2838 rogatus
362 2786 608 2828 instanciam
641 2785 808 2842 utrique
842 2795 1024 2828 vestrum
1057 2786 1274 2828 licenciam
1296 2786 1480 2829 habendi
1503 2786 1690 2843 sepultu-
