1807 2962
207 92 374 140 cclxxii
517 108 653 140 HIST.
682 107 919 140 DUNELM.
949 109 1255 141 SCRIPTORES
1283 109 1421 141 TREs.

206 216 396 258 ecclesiae
429 216 482 258 de
521 216 678 266 Insula,
732 215 786 257 de
826 215 1035 266 Norbam,
1089 216 1143 258 de
1190 216 1473 272 Elyngeham,
1507 224 1549 259 et
1580 219 1737 274 partim

201 283 380 330 propter
403 283 533 316 terras
556 274 598 315 in
621 274 828 329 parochiis
850 274 1026 315 aliarum
1050 273 1322 315 ecelesiarum
1344 275 1559 330 quondam
1582 277 1734 328 cultas,

204 342 247 374 et
268 341 378 388 post,
398 340 590 388 tempore
608 331 710 374 dicti
731 332 938 373 Johannis
958 332 1252 387 Wessyngton
1270 333 1424 373 Prioris
1447 348 1523 388 per
1543 334 1737 377 dominos

203 391 433 432 earundem
456 400 665 431 terrarum
697 389 751 430 ad
783 399 997 444 pasturam
1020 389 1190 444 positas,
1215 389 1255 430 in
1281 405 1481 444 magnum
1505 392 1736 434 detrimen-

205 458 294 489 tum
327 448 577 490 Monasterii
617 446 931 497 Dunelmensis,
966 448 1126 504 absque
1159 447 1329 489 defectu
1368 449 1434 489 vel
1471 450 1736 505 negligencia

203 506 305 547 dicti
331 506 503 556 prioris,
534 521 621 547 non
644 505 786 546 omnia
807 505 1010 555 maneria,
1034 505 1290 555 molendina,
1315 515 1356 547 et
1378 506 1460 547 alia
1491 517 1735 550 tenementa

203 564 461 606 sufficienter
490 572 611 605 erant
648 571 857 618 reparata,
894 563 1010 619 quod
1043 573 1164 619 patet
1194 578 1249 605 ex
1285 563 1382 614 hoc,
1421 566 1535 620 quod
1559 566 1732 621 singulis

203 622 334 673 annis,
354 623 396 663 in
417 621 625 677 compotis
652 620 964 671 Bursariorum,
988 621 1191 662 allocacio
1213 622 1327 662 facta
1348 632 1438 663 erat
1456 638 1582 678 super
1605 626 1732 665 vastis

204 689 247 721 et
264 680 497 731 deensibus,
515 680 570 721 ad
588 679 796 720 notabiles
813 693 1010 729 summas,
1029 680 1286 736 quandoque
1301 694 1385 720 cxx
1407 680 1533 722 libras
1548 690 1589 723 et
1607 682 1732 724 ultra.

200 738 254 779 Et
291 740 334 779 in
374 739 547 792 singulis
584 736 789 791 compotis
822 736 924 778 dicti
958 737 1159 792 temporis
1181 747 1397 778 contentae
1430 751 1527 779 sunt
1559 754 1732 795 repara-

201 796 343 837 ciones
366 797 419 837 ad
442 795 651 837 notabiles
675 809 871 836 summaS.
938 795 1006 835 Ex
1028 796 1180 851 quibus
1202 796 1392 851 sequitur
1413 797 1527 852 quod
1550 797 1732 854 antiqui-

203 863 272 895 tus
312 869 400 895 non
441 854 582 895 onmia
621 853 786 894 edificia
817 862 937 893 erant
968 868 1046 907 pro
1078 853 1220 909 aliquo
1250 862 1442 908 tempore
1474 855 1732 897 sufficienter

201 921 410 967 reparata.

262 970 505 1011 Secundum
530 977 592 1010 est
614 968 729 1024 quod
751 967 889 1022 plures
926 967 1121 1021 parcellae
1158 967 1269 1008 infra
1300 977 1422 1023 septa
1453 969 1726 1021 Monasterii,

200 1027 358 1069 scilicet
394 1028 435 1068 in
471 1027 671 1076 Ecclesia,
705 1026 917 1074 Claustro,
962 1025 1169 1075 Libmria,
1217 1026 1477 1078 Respo-torio,
1521 1029 1729 1084 Hospicio

201 1086 373 1135 Prioris‚
396 1084 646 1133 Infirmaria‚
669 1083 936 1132 Hostillaria,
954 1093 997 1123 et
1015 1083 1103 1123 aliis
1122 1083 1238 1133 locis,
1259 1084 1368 1125 adeo
1390 1095 1510 1126 erant
1529 1087 1726 1137 ruinosae,

199 1144 315 1199 quod
338 1143 425 1184 illas
448 1143 622 1183 omnino
654 1141 843 1195 oportuit
875 1141 1073 1194 reparari.
1143 1141 1333 1188 Quarum
1356 1144 1632 1196 parcellarum
1664 1161 1730 1186 re-

197 1200 442 1256 paraciones
475 1200 644 1241 inferius
677 1198 991 1248 discribumur3
1025 1208 1152 1254 prout
1176 1199 1282 1240 infra
1304 1201 1410 1241 xxix
1442 1211 1484 1242 et
1506 1202 1727 1243 dimidium

196 1274 329 1300 annos
356 1259 572 1300 Prioratus
594 1257 696 1298 dicti
720 1256 926 1298 Johaunis
958 1267 1057 1298 sunt
1084 1257 1238 1305 factae3
1272 1273 1365 1298 cum
1384 1259 1726 1314 repat-acionibus

197 1317 446 1358 extrinsecis
479 1316 600 1357 factis
624 1329 697 1370 per
726 1314 944 1355 Bursam-ios
968 1325 1010 1356 et
1033 1315 1136 1356 alios
1161 1315 1412 1367 officiarios,
1437 1328 1592 1372 praeter
1618 1319 1726 1360 Cus-

195 1376 318 1417 todes
343 1375 572 1424 Cellarum,
597 1373 704 1414 infra
726 1372 832 1413 xxix
854 1381 896 1413 et
918 1372 1141 1414 dimidium
1158 1388 1302 1414 annos,

428 1558 631 1599 Pluribus
653 1559 834 1598 intentus
859 1557 995 1597 minor
1018 1566 1081 1598 est
1098 1557 1151 1598 ad
1170 1558 1336 1614 singula
1360 1573 1524 1601 censuS.

430 1616 662 1671 Plusquam
687 1616 775 1656 vult
797 1630 949 1656 census
965 1630 1047 1655 non
1073 1625 1136 1656 est
1158 1617 1403 1670 expendere
1427 1631 1586 1660 sensus,

430 1673 560 1714 Ultra
581 1689 706 1729 posse
725 1673 802 1714 viri
825 1688 909 1714 non
933 1673 1023 1714 vult
1045 1673 1167 1715 Deus
1186 1674 1272 1714 ulla
1293 1674 1465 1729 requiri.

307 1813 591 1841 STRUCTURAE
623 1814 678 1840 ET
718 1809 1069 1840 REPARACIONES
1105 1810 1409 1846 1NTR1NSECAE,
1446 1811 1598 1837 FACTAE

307 1871 526 1898 TEMPORE
571 1872 802 1899 JOHANNIS
846 1868 1152 1896 WESSYNGTON
1195 1869 1380 1895 Pmoms
1424 1869 1602 1895 DUNEL-

307 1929 486 1965 MENSIS,
518 1929 660 1955 mmm
681 1930 792 1955 xxm
816 1929 872 1955 ET
903 1926 1131 1953 mmmmm
1154 1926 1318 1962 Anu-os,
1344 1926 1551 1953 seiLmET
1575 1928 1601 1952 A

309 1987 446 2013 FESTO
490 1987 681 2013 NATAms
725 1986 911 2020 Donum,
957 1983 1082 2010 ANNo
1128 1984 1297 2010 Donum
1340 1984 1597 2010 MiLLEsmio

310 2035 565 2080 ccccm⁰xw‚
606 2044 756 2076 USQUE
797 2044 853 2069 AD
887 2041 1066 2069 FESTUM
1106 2041 1439 2078 PENTECOSTES,
1476 2041 1599 2068 ANNo

308 2101 478 2130 ΒΟΜΙΝΙ
503 2090 878 2131 M⁰CCCC¹¹¹⁰XLVI‘⁰.

831 2266 1059 2295 ECCLESIA.

248 2364 295 2404 In
317 2363 478 2418 primis,
502 2361 719 2418 reparacio
750 2362 792 2416 xj
827 2361 1106 2402 fenestrarum
1130 2359 1374 2401 inferiorum
1397 2374 1521 2414 super
1545 2360 1710 2401 Novem

189 2421 351 2462 Altaria
387 2430 429 2462 et
460 2421 501 2461 in
533 2421 690 2475 gabulo
712 2419 883 2461 australi
905 2418 1075 2467 ibidem,
1100 2417 1141 2457 in
1165 2433 1293 2473 opere
1315 2418 1495 2473 lapide0‚
1519 2417 1708 2467 ferrario,

184 2489 227 2520 et
250 2478 449 2529 vitriario,
474 2494 517 2520 se
540 2478 737 2520 extendit
759 2477 813 2519 ad
835 2491 920 2518 cxx
944 2476 1082 2517 libras.

246 2537 352 2577 Item
377 2537 594 2591 reparacio
616 2537 653 2590 vj
678 2536 953 2577 fenestrarum
977 2534 1241 2588 superiorum
1253 2533 1306 2573 ad
1332 2532 1501 2573 Novum
1527 2533 1705 2582 Altaria,

184 2594 225 2635 in
249 2609 376 2649 opere
399 2595 580 2649 lapideo,
604 2593 793 2643 ferrario,
814 2603 857 2634 et
879 2592 1080 2641 vitriario,
1105 2607 1148 2632 se
1166 2591 1361 2632 extendit
1380 2591 1433 2630 ad
1456 2590 1526 2644 xj¹.
1543 2590 1616 2634 ixs.

241 2652 349 2693 Item
372 2661 585 2693 structura
609 2651 816 2692 Seaccarii
844 2649 1041 2693 Sacristae
1064 2664 1107 2689 se
1131 2648 1322 2690 extendit
1345 2648 1397 2688 ad
1421 2648 1493 2688 lx¹.

240 2710 351 2750 Item
369 2709 529 2752 factura
546 2710 769 2751 descorum
789 2709 828 2750 iu
848 2708 992 2750 Choro
1008 2715 1107 2749 ante
1131 2708 1274 2748 bassos
1291 2706 1432 2747 stallos
1452 2721 1494 2747 se
1513 2703 1706 2747 extendit

183 2768 234 2808 ad
256 2768 343 2808 xx¹.
