1807 2962
666 75 946 110 APPENDIX.
1344 67 1571 114 ccccxxix

41 184 174 226 barba
207 185 338 224 sancti
375 183 567 225 Godrici.
630 184 740 225 Item
774 185 828 226 de
850 184 987 225 cilicio
1009 192 1051 225 ct
1074 184 1127 226 (10
1149 184 1307 240 capillis
1328 188 1460 229 sancti
1485 190 1577 231 Go-

42 242 160 286 ‹lrici.
226 243 294 284 Dc
328 252 447 283 costa
476 243 694 297 cujusdam
731 243 890 286 Sancti.
957 243 1152 284 Diversae
1190 245 1442 286 Sanctorum
1480 248 1577 288 reli-

41 300 166 356 quiae,
202 301 271 341 De
295 301 554 341 vestimentis
577 301 710 341 sancti
738 301 919 357 Georgii
944 301 1137 342 martiris,
1174 301 1242 342 De
1261 303 1426 344 cuculla
1442 305 1576 345 sancti

40 358 248 400 ι1011311015
292 359 578 413 evangelistae.
663 359 731 399 De
779 359 989 400 cunabulo
1029 359 1216 403 Domini.
1300 361 1371 402 Dc
1413 363 1576 404 ossibus

42 417 174 456 sancti
203 416 422 457 Vincencii
446 416 638 465 martiris,
664 416 703 456 111
728 418 894 458 <luobus
922 417 1036 460 locis,
1104 417 1208 458 Item
1233 418 1393 472 lampas
1418 431 1577 462 sanctae

43 474 190 515 Luciae
223 475 394 528 virginis
418 474 563 515 vitrea.
629 475 696 515 De
719 486 837 516 costa
859 487 901 516 et
924 475 976 516 (10
993 490 1122 531 genu.
1193 476 1337 516 Sancti
1362 477 1574 525 Mauricii.

44 531 152 573 Item
177 532 230 574 (10
252 531 427 573 brachio
444 533 578 573 sancti
606 533 805 582 Secundi,
829 533 1026 573 avunculi
1049 534 1182 574 sancti
1204 533 1414 577 Mauricii.
1463 537 1575 579 Item

41 590 95 630 (10
118 605 211 631 osse
243 590 375 631 sancti
411 590 628 640 Exuperii.
695 591 763 631 De
786 590 959 631 brachio
982 590 1115 631 sancti
1141 591 1338 642 Candidi,
1362 594 1578 648 pretiosis-

40 648 132 688 simi
170 649 365 690 martiris
433 648 501 689 De
538 647 725 703 reliquiis
758 658 1000 689 sanctorum
1036 648 1328 691 confessorum
1361 652 1575 707 Gregorii,

43 706 271 756 Silvestris,
296 715 337 746 et
362 706 533 749 Leonis.
601 706 667 747 De
690 706 854 747 ossibus
876 707 1092 762 cujusdam
1120 707 1277 758 Sancti,
1303 709 1415 750 etde
1438 713 1578 766 sepul-

41 764 143 805 chro
167 764 205 804 in
225 779 309 819 quo
325 764 510 819 jacebat.
574 764 684 805 Item
716 764 912 820 quaedam
936 764 1141 818 particula
1163 765 1215 805 (10
1237 767 1441 821 sanguiue
1464 769 1576 811 beati

44 822 228 862 Thomae
266 822 461 872 martiris,
498 823 537 862 111
576 822 759 877 quadam
795 823 982 877 ampulla
1014 824 1160 864 vitrea,
1228 824 1336 865 Item
1360 827 1578 879 cingulum

39 880 207 921 laneum
248 881 363 921 beati
406 879 585 922 Godriei
622 880 886 921 confessoris.
949 881 1019 921 De
1053 881 1125 922 filo
1159 880 1200 921 in
1235 897 1319 938 quo
1353 894 1578 926 consutum

41 940 178 979 fuerat
210 952 362 992 corpus
396 939 510 979 beati
535 938 758 979 Cutliberti
790 939 829 978 in
853 938 995 979 casula
1017 954 1102 979 sua.
1167 940 1237 981 De
1261 942 1425 982 ossibus
1448 952 1489 983 et
1514 959 1579 984 re„

41 995 181 1051 liquiis
223 997 354 1037 sancti
399 995 657 1037 Columkelli
699 996 878 1037 abbatis.
942 997 1010 1037 De
1053 996 1220 1038 ossibus
1261 1001 1397 1040 sancti
1441 1002 1576 1056 Sergii

42 1069 163 1108 papie
187 1063 228 1094 et
253 1054 448 1094 martiris.
514 1054 580 1094 De
605 1054 764 1094 ossibus
780 1065 937 1096 sauctae
960 1054 1147 1111 Brigidae
1168 1056 1367 1110 gloriosae
1390 1058 1576 1113 virginis.

44 1112 112 1153 Dc
135 1113 298 1153 ossibus
322 1122 365 1152 ct
394 1113 446 1152 (10
469 1112 640 1166 pulvere
662 1121 820 1153 sanctae
847 1113 981 1153 Ebbae
1006 1112 1192 1166 virginis.
1259 1114 1329 1155 De
1351 1118 1513 1157 ossibus
1536 1129 1578 1160 et

41 1170 227 1225 reliquiis
250 1171 382 1211 sancti
406 1170 630 1210 Laurencii
647 1172 839 1213 martiris.
907 1171 974 1210 De
998 1170 1158 1211 ossibus
1181 1181 1423 1213 sanctorum
1451 1175 1579 1216 Inno-

42 1228 245 1271 centium.
312 1228 380 1268 De
416 1227 574 1282 capillis
608 1228 741 1268 sancti
779 1228 971 1276 Godrici,
1009 1239 1052 1269 et
1089 1229 1141 1268 (10
1162 1229 1293 1271 lorica
1314 1240 1357 1272 et
1377 1232 1511 1273 cilicio
1535 1243 1578 1276 et

43 1288 186 1327 tunica
204 1296 245 1327 et
266 1302 390 1341 pane,
415 1296 458 1327 et
477 1286 619 1326 multis
642 1286 732 1327 aliis
753 1286 1008 1327 vestimentis
1031 1287 1217 1343 ejusdcm
1247 1289 1402 1339 Sancti,
1428 1290 1468 1330 in
1492 1306 1579 1333 uno

41 1345 137 1385 loco
156 1344 428 1385 conservatis.
498 1345 603 1384 Item
626 1344 821 1399 quaedam
846 1344 1052 1398 particula
1066 1346 1119 1385 de
1145 1361 1236 1386 osse
1259 1349 1390 1388 sancti
1420 1348 1580 1389 Nicho-

41 1403 112 1445 lai.
182 1402 250 1443 De
284 1412 456 1457 pectore
490 1411 646 1443 sanctae
682 1402 908 1443 Graciauae
947 1402 1117 1457 virginis
1156 1412 1197 1444 et
1236 1405 1430 1448 martiris.
1508 1407 1578 1449 De

43 1462 186 1502 tunica
208 1471 250 1502 et
268 1461 402 1501 cilicio
429 1460 673 1501 venerabilis
700 1460 831 1501 ssedae
854 1461 1055 1504 doctoris.
1122 1461 1229 1502 Item
1249 1472 1404 1504 cotuna
1421 1465 1579 1507 infecta

43 1519 139 1559 oleo
163 1520 379 1574 cujusdam
406 1518 564 1561 Sancti.
632 1518 698 1559 Dc
721 1519 982 1559 vestimentis
1005 1528 1046 1560 ct
1077 1519 1238 1573 capillis
1275 1522 1406 1562 sancti
1433 1523 1578 1565 Boisili

42 1576 280 1632 presbiteri.
345 1578 412 1617 De
436 1577 565 1616 lorica
587 1576 773 1631 ejusdem
801 1577 944 1618 Sancti
962 1585 1002 1618 ct
1019 1577 1195 1632 capillis,
1211 1577 1253 1618 111
1277 1579 1442 1620 (111011115
1461 1581 1577 1624 locis.

43 1636 114 1676 De
149 1635 306 1688 capillis
345 1635 610 1690 quorundam
650 1635 906 1676 Sanctorum
946 1650 1100 1689 magua
1128 1635 1354 1691 quantitas,
1389 1638 1459 1693 qui
1491 1655 1579 1681 non

42 1693 326 1734 intitulantur.
391 1693 499 1733 110111
525 1707 606 1732 una
628 1707 733 1732 crux
751 1692 924 1733 cedrina
942 1708 1035 1734 cum
1052 1693 1235 1749 reliquiis
1258 1694 1444 1739 internis,
1511 1698 1579 1739 De

42 1751 305 1792 vestimentis
328 1750 460 1791 sancti
477 1751 684 1791 johannis
711 1750 926 1805 Baptistae,
952 1751 992 1791 in
1016 1751 1168 1807 quibus
1190 1752 1352 1794 occisus
1375 1764 1454 1795 est.
1509 1755 1579 1797 De

44 1809 204 1863 capillis
228 1809 505 1864 plurimorum
532 1810 797 1859 Sanctorum,
819 1818 860 1850 et
882 1809 934 1849 (10
957 1819 1054 1850 011ῖο
1076 1809 1226 1864 capitis
1249 1826 1342 1851 cun]
1367 1811 1577 1868 aliquibus

43 1867 221 1921 capillis,
261 1867 331 1922 qui
370 1882 453 1907 non
492 1866 776 1910 intitulantur.
846 1866 913 1908 De
951 1867 1113 1908 ossibus
1151 1877 1194 1908 et
1225 1869 1411 1924 reliquiis
1443 1873 1578 1912 sancti

46 1925 218 1966 Patricii
256 1924 457 1979 episcopi,
482 1933 525 1964 et
549 1925 781 1979 Hyberniae
814 1924 1010 1980 apostoli.
1075 1925 1143 1966 De
1187 1926 1374 1982 reliquiis
1410 1939 1577 1970 saucto-

42 1997 136 2023 rum
158 1984 372 2023 Abbatum
395 1982 563 2023 Malasii
582 1993 709 2038 atque
734 1982 895 2031 Ernini,
962 1983 1029 2024 De
1047 1983 1230 2039 reliquiis
1245 1985 1379 2026 sancti
1398 1986 1577 2028 Wilfridi

43 2040 243 2095 episcopi.
311 2041 378 2081 De
412 2041 544 2095 portis
580 2040 706 2084 horis.
772 2041 840 2081 De
874 2040 1013 2095 lapide
1046 2056 1173 2095 super
1208 2057 1335 2098 quem
1367 2056 1492 2085 natus
1514 2055 1579 2087 est

46 2099 253 2140 Christus.
306 2098 311 2101 ’
334 2099 405 2139 De
447 2098 561 2152 ligno
607 2098 779 2139 Domini
815 2099 1012 2155 quaedam
1054 2099 1274 2153 particula.
1367 2102 1577 2158 Reliquiae

45 2165 205 2197 sanctae
232 2157 433 2198 Barbarae
460 2156 645 2210 virginis.
710 2156 778 2197 De
811 2156 953 2211 lapide
981 2158 1135 2197 montis
1175 2158 1398 2202 Calvariae.
1466 2162 1577 2203 Item

42 2214 235 2270 reliquiae
268 2213 399 2254 sancti
438 2213 652 2254 Nicholai.
718 2213 786 2254 De
823 2229 947 2255 cruce
989 2216 1121 2255 sancti
1170 2216 1354 2257 Audrcae
1396 2221 1578 2271 apostoli

45 2287 199 2328 magua
220 2273 446 2328 quantitas,
532 2271 720 2326 'teliquiae
752 2272 913 2311 domini
950 2272 1005 2314 G.
1031 2273 1083 2312 dc
1113 2273 1264 2313 Borres
1288 2274 1423 2314 missae
1444 2278 1580 2318 00010-

44 2330 116 2370 siae
139 2329 419 2371 Dunelmensi
452 2344 528 2384 per
559 2329 773 2370 dominam
801 2329 864 2370 M
887 2329 1074 2383 reginam
1102 2331 1279 2384 Angliae,
1305 2332 1500 2375 videlicet
1523 2336 1577 2376 de

44 2388 159 2442 ligno
185 2388 374 2436 Domini,
410 2387 462 2427 (10
494 2386 718 2441 sepulchro
742 2387 932 2437 Domini,
968 2387 1019 2428 (10
1043 2397 1160 2441 petra
1184 2389 1406 2439 Calvariae,
1431 2393 1485 2433 de
1509 2408 1580 2434 cu-

44 2447 202 2487 nabulo
239 2445 471 2486 nativitatis
509 2444 700 2494 Domini,
737 2445 789 2485 (10
826 2446 1033 2499 praesepio
1064 2445 1252 2495 Domini,
1278 2448 1332 2488 de
1354 2451 1578 2502 sepulchro

47 2514 203 2544 sanctae
228 2504 392 2544 Mariae.
457 2503 567 2544 Item
600 2502 640 2542 in
674 2502 755 2543 alio
778 2503 872 2543 loco
904 2513 1209 2543 conservantur
1229 2505 1310 2546 ista
1330 2507 1577 2563 subscripta,

47 2562 244 2602 videlicet
286 2561 494 2617 Reliquiae
540 2560 715 2601 Domini
749 2562 880 2601 nostri
916 2561 1016 2601 Jcsu
1055 2561 1226 2612 Christi,
1264 2572 1306 2604 et
1347 2565 1578 2608 multorum

47 2629 287 2660 sanctorum
304 2634 542 2673 corporum.
565 2624 573 2629 “
613 2619 659 2658 ln
675 2618 819 2672 primis
842 2619 895 2658 (ie
911 2619 1065 2659 throno
1089 2619 1158 2659 ubi
1176 2620 1351 2662 sedebat
1368 2621 1579 2666 Dominus

47 2693 141 2718 curn
174 2692 221 2718 xx
245 2676 460 2732 apostolis,
528 2677 595 2716 De
618 2676 757 2730 lapide,
781 2676 851 2716 ubi
876 2676 1088 2717 Dominus
1111 2677 1287 2732 scripsit,
1314 2679 1384 2720 ubi
1403 2680 1582 2723 interro-

47 2744 255 2790 gaverunt
278 2751 375 2777 eum
395 2734 587 2789 discipuli
619 2734 670 2775 (10
693 2736 778 2775 fiue
803 2734 961 2775 mundi.
1026 2735 1094 2776 De
1117 2746 1260 2777 11101110
1285 2737 1475 2791 Thabor,
1509 2743 1582 2785 ubi
