1807 2962
247 81 293 127 lii
566 94 700 127 msT.
724 91 959 125 DUNELM.
987 92 1294 124 scmPTomzs
1315 92 1455 124 TREs.

494 340 630 368 XXXV·
665 339 846 369 CHARTA
867 337 1078 366 SECUNDA
1101 337 1296 366 HENRICI
1320 338 1534 375 SECUNDI,

717 433 870 476 [Cosin's
886 433 1114 476 Tramcripts,
1130 431 1189 465 fol.
1206 434 1260 472 13,
1275 432 1325 476 b.]

315 527 530 569 Hem-icus
567 528 665 569 Rex
704 527 886 582 Angliae‚
926 526 1032 568 Dux
1069 525 1345 567 Normanniae
1375 533 1420 568 et
1450 525 1709 583 Aquitaniae,
1732 533 1777 568 et

257 585 414 627 Comes
451 585 730 640 Andegaviae,
771 584 1011 626 Comitibus
1048 583 1312 634 Justiciariis,
1355 593 1398 625 et
1441 583 1694 633 Baronibus‚
1733 593 1778 624 et

256 643 450 684 omnibus
486 643 682 684 fidelibus
717 643 815 692 suis,
856 643 1030 684 Francis
1052 650 1095 683 et
1120 641 1268 696 Anglis
1290 641 1345 683 de
1369 641 1776 691 Norfflumberland,

255 700 450 742 salutem.
531 701 681 742 Sciatis
718 715 785 741 me
821 699 1079 741 concessisse
1113 708 1156 741 et
1196 699 1395 754 praesenti
1436 699 1584 740 charta
1620 699 1779 740 confir-

255 773 394 800 masse
440 759 539 801 Deo
585 767 630 799 et
672 757 830 799 Sancto
880 757 1135 807 Cuthberto,
1182 765 1227 798 et
1264 757 1455 798 ecclesiae
1498 755 1780 798 Dunelmensi

256 825 301 857 et
335 815 514 870 Hugoni
548 816 761 871 Episcopo
790 830 934 857 omnes
955 815 1173 856 libertates
1195 822 1239 855 et
1259 815 1414 856 liberas
1435 813 1779 862 consuetudines,

257 882 300 914 et
335 873 594 929 quietancias
635 889 738 929 quas
778 882 1066 914 antecessores
1107 871 1301 927 praedicti
1341 872 1537 928 Hugonis
1582 870 1781 926 Episcopi

256 931 474 972 habebant
495 939 687 986 tempore
712 930 894 972 Hemici
914 930 1026 985 regis
1047 930 1114 971 avi
1135 931 1233 979 mei,
1258 930 1324 972 vel
1342 930 1523 971 aliorum
1545 938 1784 970 antecesso-

256 1003 352 1029 rum
389 1003 578 1029 memum
621 989 791 1043 Regum
825 988 1008 1042 Angliae.
1073 987 1130 1028 bt
1163 987 1261 1028 volo
1291 997 1334 1029 et
1369 988 1547 1029 firmiter
1577 985 1782 1041 praecipio

257 1046 373 1101 quod
394 1046 581 1086 habeant
601 1046 732 1087 libele
754 1054 797 1086 et
815 1045 1048 1086 honorifice
1061 1054 1107 1085 et
1124 1045 1266 1100 quiete
1285 1044 1590 1100 applicationes
1612 1043 1783 1085 navium

257 1105 311 1144 de
334 1118 409 1157 par
413 1112 453 1144 te
474 1118 548 1143 sua
569 1103 610 1143 in
632 1103 757 1152 Tina,
783 1103 891 1144 sicut
910 1103 1121 1143 habentur
1142 1117 1196 1142 ex
1217 1102 1347 1143 altera
1369 1110 1501 1156 parte.
1579 1101 1782 1142 Testibus

261 1161 313 1202 B.
341 1160 615 1201 Lincolnensi
647 1160 865 1215 episcopo,
908 1159 1105 1214 Philip-po
1141 1159 1354 1201 Baiscensi
1386 1160 1599 1214 episcopo,
1624 1157 1784 1200 Arnul-

252 1218 343 1272 -pho
378 1217 640 1258 Lexoviensi
671 1217 887 1272 episcopO,
925 1217 1096 1258 Thoma
1130 1216 1396 1258 Cancellario
1431 1217 1586 1271 Regni,
1613 1215 1783 1257 Comite

258 1275 502 1324 Cornubiae,
541 1275 594 1318 R.
631 1275 801 1316 Comite
835 1275 1109 1330 Legrocensi,
1145 1273 1207 1318 H.
1238 1275 1292 1316 de
1316 1275 1478 1316 Essexa
1501 1272 1785 1316 Constabula-

257 1332 335 1373 rio.
397 1332 526 1387 Apud
552 1332 809 1374 Eboracum.

374 1555 527 1582 xxxvl.
554 1555 815 1583 MANDATUM
840 1557 1106 1585 ALEXANDRI
1129 1559 1253 1585 PAPAE
1275 1557 1431 1585 TERCII
1454 1556 1665 1584 OMNIBUS

376 1613 686 1640 PAROCHIANIS
743 1615 791 1641 IN
855 1615 1203 1643 HALYWERFOLK
1258 1616 1383 1648 QUOD
1437 1614 1666 1641 DENARIOS

378 1670 587 1697 FUMALES
619 1672 676 1697 AD
711 1672 946 1700 FABRICAM
979 1673 1207 1700 ECCLESIAE
1246 1672 1456 1702 DUNELM.
1491 1672 1669 1700 ANNUA-

378 1729 461 1755 TIM
487 1728 796 1760 PERSOLVANT.

824 1822 919 1863 [Lib.
938 1824 1074 1856 Sacrist.
1091 1823 1113 1856 f.
1129 1827 1161 1864 2,
1178 1824 1229 1868 b.]

319 1912 568 1954 Alexandei
591 1914 845 1969 Episcopus,
869 1930 1012 1957 servus
1036 1931 1254 1958 servorum
1281 1916 1376 1964 Dei,
1401 1915 1568 1956 dilectis
1583 1915 1678 1957 filiis
1696 1930 1786 1957 orn·

259 1970 383 2011 nibus
406 1970 694 2011 sacerdotibus
717 1982 760 2012 et
780 1974 973 2026 personis
995 1973 1049 2015 de
1076 1974 1379 2015 Haliwerefolk
1400 1973 1578 2014 salutem
1599 1982 1643 2014 et
1664 1988 1788 2028 apos-

260 2027 432 2069 tolicam
464 2028 819 2071 benedictionem.
883 2030 1061 2072 Pietatis
1098 2046 1200 2086 opex
1204 2031 1296 2072 ibus
1329 2046 1493 2072 summo
1529 2030 1670 2072 studio
1710 2045 1787 2071 nos

259 2093 431 2140 oportet
460 2085 696 2150 intendere,
729 2095 774 2128 et
805 2087 1017 2143 quoslibet
1042 2089 1203 2130 Ch1isti
1223 2088 1370 2129 fideles
1391 2088 1564 2129 assiduis
1586 2088 1789 2129 exh01ta-

261 2143 454 2183 cionibus
485 2143 675 2184 invitare.
737 2144 952 2193 Quoniam
983 2161 1096 2196 vero,
1119 2146 1227 2188 sicut
1256 2147 1434 2187 1elatum
1455 2155 1521 2187 est
1536 2145 1670 2195 nobis,
1694 2145 1788 2187 haec

261 2201 333 2255 pia
352 2201 621 2242 consuetudo
653 2201 706 2242 ab
729 2203 904 2258 antiquo
926 2203 1120 2245 instituta
1140 2204 1385 2254 dinoscitur,
1409 2213 1452 2244 et
1473 2218 1605 2259 usque
1622 2202 1676 2244 ad
1693 2202 1787 2244 haec

264 2267 460 2312 tempora
480 2259 718 2309 observata,
744 2268 789 2300 ut
822 2261 876 2301 de
899 2260 1073 2317 singulis
1096 2261 1252 2302 scilicet
1269 2260 1499 2316 parrochiis
1521 2261 1686 2310 vestris,
1709 2274 1788 2314 pro

263 2329 432 2370 quaque
469 2316 612 2365 domo,
637 2317 691 2357 ad
727 2296 1002 2372 operaciones
1034 2319 1241 2360 Ecclesiae
1281 2318 1394 2360 beati
1418 2317 1658 2368 Cuthbelti,
1681 2332 1788 2358 unus

263 2372 458 2413 denarius
490 2375 708 2414 annuatim
736 2375 1004 2417 consueverit
1029 2376 1234 2427 exhiberi,
1259 2375 1519 2418 universitati
1540 2385 1692 2417 vestrae
1712 2389 1790 2430 per

264 2429 499 2484 apostolica
544 2432 700 2486 scripta
740 2433 1003 2483 mandamuS,
1045 2434 1243 2489 quatinus
1282 2432 1582 2488 parrochianos
1623 2441 1789 2473 vestros

263 2502 441 2529 monere
464 2497 506 2530 et
533 2489 782 2543 diligencius
804 2490 1004 2532 inducere
1028 2491 1246 2541 studeatis,
1270 2500 1312 2533 et
1332 2493 1390 2532 eis
1411 2489 1665 2532 auctoritate
1686 2503 1788 2530 nos-
1806 2497 1807 2528 l

263 2555 329 2586 tra
366 2545 406 2585 in
441 2556 713 2600 peccatorum
748 2562 921 2589 suorum
944 2548 1109 2590 veniam
1133 2548 1375 2603 injungatis,
1406 2559 1454 2589 ut
1475 2547 1646 2602 singulis
1668 2546 1786 2588 annis
1806 2555 1807 2582 l

256 2603 385 2656 juxta
420 2604 639 2659 antiquam
676 2606 1027 2647 consuetudinem
1054 2606 1396 2648 ministerialibus
1417 2605 1634 2661 praedictae
1656 2604 1807 2646 eccle-

264 2660 336 2700 siae
368 2660 573 2701 stabilitas
611 2662 893 2704 helemosinas
919 2663 1136 2728 largiatur.
1200 2665 1309 2706 Cum
1332 2673 1475 2705 autem
1497 2661 1807 2716 ministeriales

262 2716 321 2756 illi
344 2717 397 2758 ad
422 2732 492 2761 vos
514 2726 675 2761 statuto
691 2728 881 2775 tempme
905 2721 1109 2771 v·ene1int‚
1129 2722 1187 2764 eis
1205 2722 1259 2764 ad
1277 2720 1528 2764 collectam
1520 2735 1651 2776 ipsam
1672 2726 1807 2760 com-!
