1807 2962
465 133 741 166 APPENDIX.
779 133 901 170 ANN·
932 130 1182 164 mcccxlx.
1481 116 1593 167 cxix

59 235 308 289 dinoscitur,
334 254 459 294 quam
482 242 553 295 pia
574 241 826 282 devotorum
850 240 1066 294 suffragia,
1090 238 1218 294 ipsius
1233 239 1447 293 adjutorio
1469 242 1589 295 cujus

57 296 359 337 misericordiae
397 312 481 339 non
515 308 579 340 est
614 298 724 348 finis,
747 298 946 339 alleviare
981 306 1186 352 poterunt
1223 298 1338 352 apud
1362 312 1473 347 eum,
1499 313 1588 339 non

57 354 193 395 solum
216 354 276 394 illi
297 369 375 409 pro
408 356 526 410 cujus
563 357 698 397 salute
736 355 956 397 caritative
992 355 1306 409 impenduntur,
1331 355 1433 410 quin
1457 354 1587 396 immo

57 412 148 466 ipsa
177 411 246 466 pie
276 412 620 467 impendentibus
642 413 888 455 eternaliter
909 412 1117 462 valitura3
1169 413 1386 467 cupientes
1408 413 1589 467 proinde

56 469 247 510 fidelium
279 481 443 512 mentes
479 472 533 513 ad
553 471 769 527 praemissa
789 471 1033 512 devocionis
1055 485 1185 526 opera
1205 485 1281 526 per
1301 470 1498 511 allectiva
1520 471 1591 511 In-

57 527 378 582 dulgenciarum
402 544 579 571 munera
598 530 663 570 fer
668 529 837 570 vencius
860 529 1063 578 excitate,
1087 529 1141 569 de
1163 529 1265 570 Jcsu
1284 528 1442 570 Chiisti
1464 528 1587 570 mise-

57 584 239 626 ricordia
260 594 302 626 et
323 586 519 642 gloriosae
543 587 730 644 Virginis
756 587 909 628 Mariae
933 587 1076 627 matris
1099 601 1201 637 suae,
1221 587 1444 627 beatorum
1472 587 1587 627 Petri

57 651 102 684 et
129 643 249 685 Pauli
271 644 577 698 apostolomm,
601 654 644 686 et
675 644 986 699 glmiossissimi
1012 644 1282 685 Confessoris
1306 644 1471 699 patroni
1492 659 1589 684 nos-

58 700 125 750 ui,
179 701 452 757 omniumque
497 711 744 744 sanctolum
792 701 953 743 meritis
995 710 1037 743 et
1070 702 1266 756 p1ecibus
1304 703 1585 752 confidentes,

56 758 249 799 omnibus
283 760 549 814 parochianis
571 761 737 810 nostris,
763 769 805 802 et
837 761 928 801 aliis
950 760 1003 801 de
1025 760 1209 814 peccatis
1231 758 1312 800 suis
1338 775 1432 801 veie
1453 760 1589 814 poeni-

56 815 245 858 tentibus
275 827 318 858 et
354 818 567 869 confessis,
592 819 664 875 qui
698 834 775 873 pro
797 833 848 859 an
855 820 938 859 ima
960 817 1062 859 dicti
1097 818 1284 868 Ricardi,
1306 828 1347 859 et
1369 818 1588 858 animabus

58 873 248 915 omnium
281 876 628 930 predecessorum
669 885 924 924 nostrorum,
970 875 1280 930 Episcopornm
1324 876 1590 917 Dunelmew

56 933 179 981 sium,
223 947 272 974 ac
312 933 445 975 eciam
479 934 670 976 omnium
709 934 842 975 Ηάε111
841 950 898 974 nn
934 934 1250 984 defunctorum,
1291 933 1484 987 sacrificii
1518 934 1585 974 vel

48 989 216 1045 jejunii,
241 990 478 1032 orationum
513 992 599 1034 sive
637 992 977 1041 elemosinarum,
1014 1000 1087 1032 aut
1119 991 1201 1032 alia
1221 991 1380 1048 quaevis
1403 991 1589 1032 caritatis

55 1047 255 1103 suffragia
275 1048 342 1113 pie
364 1048 650 1104 impenderint
668 1059 711 1091 et
732 1051 899 1099 devote,
919 1049 1202 1105 quadraginta
1223 1051 1313 1090 (lies
1336 1049 1412 1091 de
1403 1050 1591 1104 injuncta

55 1105 134 1146 sibi
170 1106 427 1161 poenitencia
449 1107 778 1149 misericorditer
808 1108 1060 1150 relaxamus.
1124 1107 1406 1148 Ratificantes
1444 1122 1591 1148 omnes

62 1164 360 1217 Indulgencias
381 1180 460 1220 pro
483 1166 622 1207 anima
639 1166 741 1207 dicti
767 1165 956 1215 Ricardi,
982 1175 1025 1206 et
1047 1164 1266 1206 animabus
1289 1180 1591 1221 quorumcum-

55 1236 139 1277 que
162 1223 509 1276 ρι’·εάθοθ550111111
533 1233 789 1273 nostromm,
814 1238 838 1263 a
859 1223 1195 1279 quibuscumque
1226 1223 1443 1263 catholicis
1472 1222 1592 1277 Epis-

56 1279 174 1346 copis
206 1279 413 1321 hactenus
456 1296 689 1331 concessas,
734 1290 777 1322 et
819 1281 1097 1335 imposterum
1138 1280 1589 1321 concedendas.1n

56 1339 174 1393 cujus
195 1337 256 1378 rei
281 1338 583 1389 testimonium,
607 1340 791 1394 sigillum
815 1348 1004 1379 nostrum
1023 1339 1268 1393 plac-*sentib'
1263 1353 1306 1378 15
1338 1347 1403 1379 est
1433 1352 1592 1392 appen-

55 1410 162 1435 sum.
226 1395 341 1436 Data
362 1397 477 1451 apud
500 1398 757 1446 Totenham,
782 1396 981 1437 vicesimo
1002 1395 1185 1450 septimo
1200 1396 1269 1437 die
1287 1395 1457 1446 Marcii,
1477 1410 1590 1436 anno

60 1452 238 1493 Domini
270 1453 492 1495 millesimo
530 1455 833 1497 trecentesimo
871 1454 1037 1495 decimo
1061 1463 1227 1499 octavo,
1295 1454 1352 1495 Et
1375 1468 1593 1495 consecra-

57 1510 191 1553 cionis
214 1519 370 1553 nostrae
393 1512 546 1568 primo.

137 1757 195 1786 CI.
230 1756 492 1784 MANDATUM
525 1750 536 1784 ὲ
545 1772 689 1784 ιιιιιιιι
717 1756 798 1784 RES
824 1757 942 1784 CARD
971 1773 1135 1786 ...μηη
1163 1756 1451 1788 RECUPERAT.
1481 1775 1489 1785 -
1519 1775 1529 1785 ε,

671 1833 776 1878 [Reg.
794 1834 846 1866 ΙΙ.
863 1833 881 1866 f
903 1835 976 1875 55.]

120 1911 364 1953 Venerabili
395 1919 437 1952 et
467 1911 665 1965 religioso
698 1912 788 1952 viro
820 1911 997 1966 domino
1022 1912 1217 1954 Galfrido
1243 1912 1380 1955 Priori
1402 1913 1593 1954 ecclesiae

59 1969 606 2019 Dunelmensis‚Johannes
620 1969 672 2010 de
690 1969 899 2020 Turleria,
920 1971 1147 2011 canonicus
1166 1971 1447 2021 Mimatensis‚
1471 1986 1592 2012 reve·

56 2027 285 2068 rendorum
318 2029 360 2068 in
396 2026 568 2068 Christo
590 2027 756 2082 patrum
781 2028 1050 2069 dominorum
1074 2028 1159 2070 Dei
1181 2029 1324 2083 gracia
1350 2029 1590 2079 Gaucelini,

56 2085 166 2128 tituli
195 2086 445 2127 Sanctorum
471 2084 711 2125 Marcellini
736 2094 778 2126 et
804 2086 919 2126 Petri
942 2086 1178 2141 presbiteri,
1202 2102 1252 2128 ac
1277 2087 1409 2128 Lucae
1431 2095 1592 2128 sanctae

60 2143 213 2185 Mariae
246 2144 287 2184 in
310 2144 393 2184 Via
431 2143 543 2184 Lata
576 2143 758 2193 diaconi,
796 2144 1098 2194 Cardinalium,
1122 2154 1387 2199 procurator,
1412 2146 1591 2186 salutem

57 2201 98 2242 in
133 2201 322 2242 Domino
352 2200 663 2254 sempiternam.
729 2201 881 2256 Nuper
913 2218 965 2243 ex
998 2203 1201 2243 mandato
1223 2203 1434 2243 dictorum
1458 2202 1593 2243 domi-

57 2274 208 2300 norum
245 2258 536 2301 Cardinalium
569 2259 610 2299 in
642 2258 803 2300 nefaria
833 2256 1147 2314 depredacione
1170 2260 1401 2301 eorundem
1424 2260 1592 2314 perdita

58 2332 134 2357 seu
170 2317 336 2357 sublata
372 2317 424 2357 ad
462 2331 608 2357 manus
645 2325 805 2357 vestras
841 2318 1128 2372 pervenerint,
1167 2326 1240 2358 aut
1273 2319 1519 2371 pervenient
1547 2317 1589 2357 in

58 2374 264 2422 futurum,
296 2373 376 2414 sibi
406 2382 479 2414 aut
510 2373 739 2414 venerabili
769 2374 879 2427 patri
905 2374 1242 2418 domino....Dei
1263 2376 1407 2428 gracia
1433 2375 1592 2415 Abbati

61 2430 313 2473 Monasterii
335 2431 472 2471 beatae
495 2430 648 2472 Mariae
673 2431 950 2472 Eboracensis
973 2431 1268 2485 deportaretis,
1291 2443 1365 2472 ant
1395 2432 1473 2471 sub
1505 2433 1593 2473 fida

60 2489 256 2530 custodia
297 2487 552 2536 mittereti53
593 2489 793 2544 ipsosque
835 2489 904 2529 vel
944 2503 1093 2529 eorum
1135 2489 1313 2530 alterum
1355 2488 1592 2531 certificare

61 2546 263 2588 cuiaretis
291 2546 392 2602 quid
414 2545 468 2586 de
489 2544 612 2586 bonis
634 2545 910 2599 recuperastis
933 2546 1159 2600 praedictis,
1184 2555 1311 2601 prout
1332 2547 1425 2587 haec
1446 2557 1489 2589 et
1510 2548 1593 2589 alia

61 2606 107 2645 in
138 2605 300 2646 eisdem
331 2602 462 2644 literis
492 2602 657 2658 plenius
686 2603 982 2644 continentur·
973 2635 982 2652 ,
1006 2618 1151 2645 velum
1176 2620 1271 2644 cum
1294 2614 1392 2658 post
1414 2605 1594 2660 praedic-

63 2670 202 2703 tarum
232 2662 449 2702 literarum
480 2659 803 2709 confectionem,
836 2661 889 2702 de
912 2661 1123 2702 dictorum
1145 2661 1417 2703 dominorum
1442 2664 1594 2705 Cardi-

63 2720 220 2760 nalium
257 2719 458 2760 mandato
490 2733 690 2773 expresso
722 2733 816 2759 cum
849 2719 1103 2761 cohercione
1134 2719 1417 2761 ecclesiastica
1437 2721 1516 2762 hac
1538 2722 1593 2762 de

64 2792 191 2820 causa
221 2778 275 2821 ad
311 2777 623 2819 Eboracensem
654 2775 952 2820 declinaverim
980 2777 1211 2829 civitatem,
1236 2785 1279 2819 et
1301 2777 1437 2821 dictus
1460 2779 1599 2822 domi-
