1807 2962
203 62 341 111 ccclii
477 75 614 107 HIST.
641 74 885 107 DUNELM·
912 74 1217 107 scnirTonEs
1245 76 1386 109 Tuas.

202 184 436 241 cupienteS,
455 191 502 225 ut
522 191 744 232 tenemur3
767 196 832 232 ne,
850 181 966 238 quod
988 183 1111 232 absit,
1130 182 1251 223 nobis
1267 182 1551 238 imputaretur
1572 184 1625 226 ad
1648 184 1736 226 cul-

199 259 314 299 pam,
344 242 378 283 si
397 241 630 298 praemissa,
664 249 707 282 et
729 214 907 282 i'ortasse
929 239 1007 280 hiis
1028 240 1183 305 pejora,
1206 255 1284 296 per
1304 250 1492 282 nostram
1515 242 1734 300 necligen-

199 301 307 343 ciam
347 310 420 342 aut
468 299 674 341 desidiam
723 297 1031 362 pertransirent
1080 299 1331 349 incorrecta,
1375 299 1451 341 tibi
1491 299 1534 340 in
1574 301 1733 344 virtute

198 367 356 401 sanctae
373 357 650 407 obedienciae,
670 366 713 398 et
734 357 811 397 sub
832 370 970 421 poenis
987 354 1031 396 in
1053 357 1220 397 statutis
1238 356 1371 397 nostri
1391 357 1562 400 Ordinis
1584 368 1734 402 contra

197 417 304 458 tales
337 425 664 470 transgressores
697 414 913 470 appositiS,
951 413 1130 455 firmiter
1165 414 1428 471 injungendo
1463 417 1729 469 mandamus,

196 475 314 540 quod
341 476 468 516 sacris
502 472 705 515 doctrinis
736 473 830 527 plus
865 471 991 513 solito
1021 471 1233 523 insistens,
1258 473 1310 514 ad
1335 474 1511 515 domum
1533 489 1603 516 seu
1628 490 1731 517 con-

196 533 380 575 sorcium
423 532 549 573 dictae
589 531 778 572 mulieris
828 538 1037 584 suspectae
1088 530 1206 571 nullo
1242 531 1372 573 modo
1417 532 1611 584 accedas,
1651 547 1730 576 nec

196 600 319 656 septa
338 590 470 632 nostri
494 588 675 644 Collegii
710 589 765 630 ad
803 589 1000 630 tabernas
1032 602 1105 629 seu
1126 588 1221 630 loca
1241 590 1426 644 publica,
1451 590 1522 632 ubi
1544 591 1598 633 de
1619 591 1730 633 facili

195 649 362 690 sinistra
391 647 574 703 suspicio
605 647 704 689 oriri
733 646 905 702 poterit,
929 646 1087 702 absque
1109 645 1285 688 licencia
1307 649 1367 689 tui
1393 648 1592 691 Custodis
1615 650 1729 691 solus

194 707 314 749 exire
334 721 593 762 praesumas,
617 705 693 747 sed
714 705 769 746 ad
789 705 956 759 frugem
978 704 1159 745 melioris
1184 705 1280 746 vitae
1302 721 1352 761 pl
1354 706 1478 748 ov1de
1500 707 1729 762 disponens

193 766 248 807 ab
289 764 530 821 hujusmodi
571 763 725 805 illicitis
765 762 881 818 vagis
923 771 967 804 et
1007 761 1158 817 ineptis
1199 763 1456 806 discursibus
1497 765 1551 806 de
1583 774 1729 808 cetero

194 823 385 873 desistam,
410 823 609 878 vitaeque,
642 821 831 862 moribus
863 828 906 862 et
937 820 1252 862 conversacioni
1274 831 1444 863 tuorum
1468 823 1586 864 confi
1589 832 1728 864 atrum

193 881 350 923 ibidem
392 880 677 922 habitancium
719 888 762 920 te
803 878 1067 920 conformare
1099 878 1326 935 diligenter
1356 880 1538 924 studeas.
1606 881 1663 922 Et
1693 881 1728 922 si

191 940 287 981 haec
308 947 510 994 precepta
531 946 676 979 nostra
707 946 749 978 et
781 936 981 977 mandata
1001 936 1185 977 salubria
1206 937 1261 978 ad
1281 952 1447 978 morum
1471 947 1641 980 tuorum
1661 954 1728 981 re-

192 997 498 1039 formacionem
534 1003 684 1050 sponte
720 1003 763 1035 et
810 994 971 1049 absque
1002 994 1192 1034 ulteriori
1233 995 1459 1037 coaccione
1502 997 1727 1040 observare

191 1055 389 1120 uolueris,
413 1069 490 1095 nos
511 1068 560 1094 ac
583 1053 687 1094 alios
711 1051 787 1093 tibi
820 1066 938 1093 caros
961 1060 1004 1092 et
1035 1051 1293 1108 propinquos
1316 1053 1357 1094 in
1380 1068 1478 1095 casu
1500 1055 1726 1097 necessita-

189 1113 256 1163 tis,
276 1113 309 1153 si
331 1121 538 1178 emergat,
562 1111 618 1152 ad
639 1110 701 1151 tui
733 1109 974 1151 relavamen
997 1118 1040 1150 et
1060 1124 1304 1151 succursum
1327 1111 1504 1153 habebis
1522 1128 1574 1153 eo
1596 1113 1725 1154 cicius

191 1170 494 1226 p1.ompciores
566 1168 642 1210 Sin
683 1176 824 1209 autem
868 1167 952 1208 tale
993 1168 1227 1209 remedium
1270 1169 1310 1210 in
1342 1169 1419 1210 hiis
1452 1179 1495 1212 et
1530 1170 1622 1212 aliis
1643 1172 1724 1213 tuis

191 1228 434 1270 excessibus
449 1226 636 1282 pluribus
658 1226 799 1267 adhuc
812 1225 1039 1267 latentibus
1063 1235 1104 1266 et
1127 1227 1281 1281 ignotis
1299 1243 1514 1282 cogemul,
1534 1230 1724 1284 quamvis

190 1287 324 1337 inviti,
358 1300 572 1341 apponere
602 1293 877 1340 oportunum,
910 1284 1026 1340 quod
1054 1284 1257 1340 deinceps
1279 1286 1512 1327 consimilia
1533 1287 1724 1329 enormia

187 1345 399 1387 vereberis
421 1344 475 1386 ad
499 1352 620 1385 tuum
636 1343 822 1385 dedecus
844 1342 1148 1398 quoquomodo
1169 1353 1431 1399 perpetrare,
1448 1345 1724 1403 condignam-

188 1419 272 1460 que
294 1403 472 1445 ulcionis
499 1416 667 1457 poenam
689 1401 733 1442 in
756 1408 812 1449 te,
837 1409 1049 1465 tamquam
1073 1409 1229 1442 nostrae
1251 1402 1464 1456 religionis
1488 1412 1655 1461 transtri
1658 1420 1723 1445 es-

187 1477 340 1512 sorem,
384 1460 499 1502 omni
539 1460 684 1501 favore
724 1458 974 1514 postposito,
998 1458 1253 1516 infligemus,
1298 1460 1396 1502 Deo
1437 1461 1584 1504 dante
1670 1462 1720 1503 In

186 1521 339 1563 ceteris
361 1534 415 1561 ex
451 1527 572 1573 parte
610 1526 755 1558 nostra
787 1517 864 1558 tibi
896 1517 1085 1558 dicendis
1107 1517 1229 1558 latori
1249 1519 1525 1584 praesencium
1548 1519 1719 1575 plenam

186 1587 230 1620 et
252 1577 536 1619 indubitatam
559 1576 762 1617 adhibeas
785 1575 928 1617 fidem.
980 1574 1101 1625 Vale,
1127 1588 1169 1617 et
1201 1575 1393 1632 spiritum
1413 1577 1510 1619 vitae
1532 1577 1717 1620 melioriS

185 1636 394 1678 concedat
416 1634 493 1677 tibi
516 1633 773 1677 Altissimus.
836 1634 990 1678 Amen.
1058 1633 1239 1689 Seiipta,
1262 1642 1334 1679 etc.
1398 1637 1548 1688 [1467.
1556 1635 1574 1692 ]

1221 1722 1227 1735 1

301 1909 479 1937 CCLXVI.
513 1909 681 1936 LITERA
718 1910 860 1936 FACTA
898 1909 958 1936 NE
996 1909 1210 1937 MONACHI
1259 1909 1597 1937 DUNELMENSES

301 1967 519 1995 UTANTUR
553 1967 748 1994 CAMISIIS
773 1967 926 1994 LINEIS
958 1967 1014 1994 ET
1047 1967 1226 1994 CALIGIS
1250 1967 1448 1996 CLAUSIS.

716 2060 820 2104 [Reg.
838 2060 912 2092 ΙΙΙ.
930 2060 1030 2093 I‘arv.
1046 2059 1069 2092 f.
1086 2060 1180 2101 15l.]

246 2155 473 2198 Calissime
514 2154 741 2203 confrater,
794 2153 939 2195 votiva
985 2153 1245 2195 salutacione
1289 2154 1521 2220 praemissa..
1599 2154 1715 2196 Scire

180 2215 318 2256 velitis
340 2214 469 2270 quod,
498 2213 611 2254 fama
646 2212 815 2267 publica
841 2212 1068 2262 referente,
1104 2212 1158 2253 td
1196 2222 1384 2252 nostrum
1422 2213 1575 2266 saepius
1598 2213 1714 2254 venit

180 2272 389 2322 auditum,
414 2271 529 2328 quod
550 2270 722 2326 quidam
754 2271 1014 2311 confr-atium
1045 2279 1283 2311 nostrorum
1318 2269 1360 2310 in
1395 2270 1525 2313 Cellis
1558 2270 1713 2311 nostris

178 2330 455 2380 morancium,
490 2329 640 2384 spretis
662 2337 706 2368 et
727 2328 930 2382 neglectis
953 2328 1254 2369 venerabilium
1288 2338 1454 2383 patrum
1478 2329 1714 2394 piaedeces-

180 2405 249 2430 sot
253 2404 320 2429 um
338 2397 578 2429 nostrorum
600 2386 782 2435 monitis,
817 2386 998 2442 ipsisque
1030 2386 1400 2427 exhoxtacionibus
1424 2395 1464 2427 et
1487 2387 1710 2442 praeceptis

178 2456 264 2489 tam
287 2447 406 2488 vobis
436 2460 562 2512 quam
586 2445 642 2486 eis
665 2453 792 2485 antea
814 2444 947 2494 factis,
980 2454 1129 2485 contra
1151 2453 1309 2485 nostrae
1331 2443 1545 2498 religionis
1568 2445 1713 2485 obser·-

178 2505 359 2554 vanciaS,
375 2505 553 2545 camisus
567 2503 685 2544 lineis
700 2513 743 2543 et
757 2502 900 2556 caligis
914 2502 1060 2552 laneis,
1078 2502 1308 2543 admodum
1326 2502 1455 2543 laicor
1459 2517 1528 2542 um
1543 2502 1708 2552 clausis,

179 2563 221 2603 in
243 2562 561 2603 subversionem
583 2560 645 2602 sui
669 2560 825 2601 ordinis
849 2561 911 2600 usi
944 2560 1128 2610 fuerunt,
1161 2560 1304 2615 sicque
1339 2564 1516 2601 utuntui
1552 2569 1710 2601 temere

178 2621 220 2661 in
241 2619 472 2674 praesenti3
506 2634 684 2674 quorum
707 2617 944 2659 insolenciis
966 2628 1006 2659 et
1029 2618 1271 2659 excessibus
1294 2618 1334 2657 in
1356 2618 1448 2668 biis,
1482 2626 1525 2658 et
1547 2618 1651 2667 aliis,
1676 2618 1710 2658 si

178 2688 412 2732 emergant,
437 2677 658 2718 salubriter
678 2676 850 2717 obviare
873 2675 1090 2731 cupientes
1108 2675 1265 2725 debite,
1290 2684 1338 2717 ut
1359 2685 1566 2725 tenemur,
1591 2675 1709 2716 vobis

178 2735 219 2776 in
242 2735 395 2777 virtute
417 2734 690 2785 obedientiae,
715 2744 757 2775 et
780 2734 856 2775 sub
882 2748 1010 2789 poena
1045 2743 1327 2789 contemptuS,
1361 2734 1538 2775 firmiter
1574 2733 1710 2788 iujun-
