1807 2962
410 136 682 168 APPENDIX„
721 136 840 168 ANN.
870 137 1225 169 MCCCCXLVIII·
1453 145 1601 177 CCCXV

80 252 183 292 tum,
206 243 459 284 venerabilis
482 244 610 285 frater
632 252 773 286 noster
795 245 979 287 Jacobus
1005 245 1226 300 episcopus
1248 246 1380 288 sancti
1403 248 1600 300 Andreae,

81 301 132 341 ad
171 301 418 342 instanciam
455 302 690 343 eorundem
715 302 871 343 Prioris
900 310 944 343 et
971 303 1234 354 Conventus,
1258 306 1458 345 transumi
1490 316 1532 348 et
1561 309 1604 348 in

81 359 218 399 forma
237 359 394 413 publici
417 359 682 401 instrumenti
703 375 777 414 per
794 360 969 401 modum
992 361 1242 416 transumpti
1263 362 1355 403 fieri
1386 364 1605 420 retligique

83 415 183 457 fecit
205 426 330 472 atque
351 417 584 468 mandavit,
607 417 772 472 plenius
794 418 1004 473 latiusque
1026 419 1282 463 continetur.
1361 420 1506 469 Quare.
1528 437 1604 476 pro

83 482 205 529 parte
242 474 398 515 Prioris
432 483 476 516 et
512 475 763 517 Conventus
795 475 1098 530 praedictorum
1132 476 1254 517 nobis
1290 477 1370 519 fuit
1390 478 1605 520 humiliter

84 531 379 587 supplicatum,
417 543 465 573 ut
497 533 809 587 largicionibus,
834 533 1155 584 donacionibus,
1190 542 1231 575 et
1262 536 1605 578 concessionibus

84 589 350 644 supradictiS,
375 590 547 646 aliisque
568 590 612 631 in
649 590 799 632 litteris
820 592 907 631 sive
928 591 1218 632 instrumentis
1239 592 1481 646 hujusmodi
1503 609 1606 636 con-

83 647 224 698 tentis,
262 647 315 688 ad
348 647 429 688 hoc
463 647 579 703 quod
619 648 792 690 solidius
829 648 1057 689 subsistere
1092 650 1437 704 comprobentur,
1476 653 1606 693 robur

82 704 328 760 apostolicae
349 705 558 746 firmitatis
589 706 785 759 adjicere,
810 707 864 747 de
898 706 1160 762 benignitate
1191 708 1437 761 apostolica,
1462 710 1609 764 (ligna-

83 777 239 806 remur.
305 763 410 812 Nos,
444 762 602 818 itaque,
626 763 868 817 hujusmodi
891 763 1275 818 supplicacionibus
1297 765 1502 816 inclinati,
1526 768 1607 809 lar-

83 820 285 874 gicioneS‚
323 820 593 869 donaciones,
629 829 673 861 et
706 820 996 862 concessiones
1030 822 1268 876 praedictas‚
1308 824 1533 881 omniaque
1564 834 1608 866 et

83 878 249 934 singula
285 877 326 917 in
360 877 483 919 dictis
517 878 670 919 litteris
699 878 785 920 sive
816 878 1103 920 instrumentis
1144 888 1360 932 contenta,
1404 897 1452 923 ac
1493 898 1610 938 quae-

83 950 264 991 cumque
301 935 397 976 inde
429 943 589 986 secuta,
623 945 727 985 rata,
760 936 964 978 habentes
1005 945 1048 977 et
1088 946 1223 993 grata,
1257 938 1328 979 illa
1358 941 1611 981 auctoritate

84 992 319 1047 apostolica
354 1008 409 1034 ex
442 1002 558 1034 certa
589 993 764 1034 scientia
795 995 1105 1044 confirmamus,
1139 1005 1182 1036 et
1214 998 1434 1049 praesentis
1466 998 1609 1052 scripti

84 1050 323 1105 patrocinio
350 1050 684 1100 communimus3
717 1052 961 1106 supplentes
983 1067 1130 1093 omnes
1153 1053 1355 1104 defectus,
1379 1054 1410 1094 si
1433 1055 1504 1110 qui
1527 1056 1611 1096 for-

86 1123 160 1149 san
197 1108 503 1149 intervenerint
540 1109 580 1148 in
614 1108 787 1158 eisdem,
811 1109 1087 1150 decernentes
1117 1111 1369 1152 auctoritate
1405 1113 1611 1166 praedicta

88 1166 278 1207 Priorem
302 1175 345 1207 et
370 1167 643 1208 Conventum
668 1166 906 1221 praedictOS,
940 1176 982 1208 et
1016 1167 1205 1208 Priorem
1231 1169 1284 1209 de
1308 1170 1609 1225 Coldyngham

83 1234 130 1265 ,et
151 1238 295 1265 eorum
319 1239 593 1274 successores,
616 1224 801 1265 cundem
836 1224 1076 1266 Prioratum
1111 1226 1163 1266 de
1193 1226 1490 1283 Coldyngham
1513 1242 1609 1268 cnm

86 1281 281 1323 omnibus
321 1281 506 1323 ecclesiis
546 1290 589 1323 et
631 1281 813 1336 capellis,
847 1283 1034 1334 decimis,
1068 1283 1372 1334 oblacionibus,
1407 1285 1528 1326 terris
1569 1294 1612 1326 et

87 1340 419 1394 possessionibus
460 1339 653 1389 annexis,
693 1354 741 1380 ac
792 1341 988 1381 omnibns
1033 1341 1200 1395 juribus
1251 1350 1294 1383 et
1345 1343 1610 1397 pertinenciis

83 1397 184 1448 suiS,
205 1398 285 1439 &c.
353 1399 439 1439 lee
461 1399 564 1438 Bull
575 1400 770 1450 proceeds
790 1405 828 1440 to
847 1401 966 1440 recita
992 1401 1176 1441 charters
1194 1402 1262 1453 <3⁶0-

204 1671 355 1698 CCXLI.
419 1670 690 1698 INDENTURA
714 1671 855 1698 FACTA
878 1671 1020 1698 INTER
1043 1670 1266 1698 DOMINUM
1284 1672 1495 1700 PRIOREM

207 1729 262 1756 ET
298 1728 567 1755 CAPITULUM
603 1729 658 1755 ET
691 1728 947 1756 JOHANNEM
981 1729 1120 1755 STELE
1150 1729 1400 1756 CANTOREM
1439 1732 1496 1757 DE

264 1786 349 1813 SUO
382 1786 592 1813 SERVICIO
618 1786 925 1813 IMPENDENDO
951 1786 1168 1813 DURANTE
1192 1787 1295 1814 viTA
1321 1788 1416 1815 SUA.

676 1881 780 1924 [Reg.
801 1881 865 1913 IV.
884 1879 940 1912 fol.
959 1881 1030 1921 60.]

149 1973 263 2014 Haec
285 1972 513 2013 indentura
533 1972 646 2013 sacta
667 1972 778 2012 inter
809 1971 1028 2012 dominum
1066 1971 1336 2014 Willielmum
1361 1974 1551 2017 Priorem
1573 1985 1619 2018 et

89 2030 336 2085 Capitulum
359 2030 546 2070 ecclesiae
571 2029 839 2071 Cathedralis
871 2030 1186 2080 Dunelmensis,
1221 2046 1277 2071 ex
1300 2047 1383 2073 una
1403 2042 1540 2088 parte,
1574 2042 1616 2075 et

86 2089 326 2129 Johannem
350 2088 465 2128 Stele
488 2097 719 2137 cantorem,
744 2102 797 2128 ex
822 2096 939 2141 parte
961 2087 1105 2136 altera,
1130 2097 1323 2138 testatur,
1356 2091 1472 2145 quod
1504 2092 1615 2133 idem

87 2146 302 2187 Johannes
329 2145 446 2186 Stele
467 2153 531 2185 est
561 2153 749 2186 retentus
783 2154 826 2186 et
863 2145 1040 2185 firmiter
1063 2145 1230 2198 juratus
1263 2147 1317 2187 ad
1347 2150 1616 2191 serviendum

87 2203 212 2244 (lictis
246 2202 385 2244 Priori
417 2210 458 2243 et
492 2203 692 2256 Capitulo
712 2203 822 2243 bene
854 2210 897 2243 et
928 2202 1125 2251 fideliter,
1160 2218 1292 2258 usque
1313 2205 1367 2245 ad
1391 2207 1618 2247 terminum

89 2262 190 2301 vitae
212 2275 313 2309 suae,
338 2259 379 2299 in
402 2259 539 2299 forma
561 2259 838 2313 infrascripta.
902 2258 1112 2299 Videlicet
1134 2261 1249 2314 quod
1264 2260 1378 2301 idem
1399 2263 1618 2304 Johannes

90 2318 182 2359 illos
235 2316 468 2358 monachos
531 2317 861 2365 Dunelmenses‚
928 2324 970 2356 et
1021 2329 1119 2356 octo
1180 2331 1332 2371 pueros
1392 2320 1615 2371 seculares,

88 2391 196 2431 quos
225 2375 348 2416 Prior
370 2373 683 2422 Dunelmensis,
707 2374 775 2414 vel
796 2374 989 2427 deputati
1012 2387 1086 2426 per
1108 2375 1292 2414 eundem
1315 2375 1620 2428 assignaverint

86 2432 168 2474 sibi
189 2432 243 2473 ad
265 2431 568 2472 addiscendum
590 2430 819 2484 diligenter
835 2440 877 2470 et
894 2429 1055 2470 meliori
1074 2432 1216 2480 modo,
1231 2446 1315 2487 quo
1329 2433 1507 2484 sciverit,
1531 2444 1619 2476 tam

88 2491 144 2531 ad
173 2489 494 2538 modulandum,
528 2488 689 2529 scilicet
719 2489 990 2542 playnsange,
1024 2487 1237 2540 prikenot,
1270 2488 1496 2540 faburdon,
1536 2493 1619 2533 dis-

85 2548 290 2597 chaunte,
315 2555 356 2588 et
378 2555 568 2594 countre,
593 2555 797 2601 quantum
826 2546 867 2585 in
900 2544 990 2598 ipso
1021 2555 1083 2584 est
1116 2544 1374 2596 informabit,
1409 2548 1534 2588 nichil
1565 2551 1618 2591 ab

87 2606 149 2646 eis
180 2605 235 2645 de
266 2604 388 2646 dictis
416 2603 605 2645 scienciis
636 2603 906 2652 occultando,
940 2601 1118 2642 durante
1149 2603 1329 2644 termino
1360 2607 1617 2659 supradicto,

90 2662 328 2704 Tenebitur
349 2662 490 2717 itaque
513 2661 623 2701 idem
646 2661 862 2701 Johannes
884 2659 1015 2699 missis
1037 2668 1081 2700 et
1116 2661 1297 2715 vesperis
1335 2661 1376 2702 in
1398 2663 1529 2704 choro
1551 2680 1620 2706 ec-

89 2719 232 2760 clesiae
253 2719 507 2765 cathedralis
533 2717 831 2759 Dunelmensis
855 2717 1131 2771 personaliter
1149 2718 1362 2767 interesse,
1379 2721 1548 2776 quando
1565 2724 1620 2763 ad

88 2777 169 2819 hoc
192 2777 334 2819 debite
355 2777 480 2818 fuerit
500 2776 739 2832 requisitus,
765 2774 1024 2816 modulando
1047 2774 1202 2816 ibidem
1235 2790 1362 2830 super
1392 2793 1562 2833 organa,
1587 2783 1622 2821 si
