1807 2962
201 128 266 171 58
518 139 650 172 111sr.
678 139 911 173 DUNELM.
942 138 1240 172 sempronns
1265 139 1401 172 TREs.

200 244 351 301 quibus
375 248 500 299 [ego]
515 245 718 301 originem
737 247 857 297 duxi,
882 254 924 288 et
941 261 1018 288 nec
1033 258 1086 288 ex
1108 246 1325 301 parentela
1341 261 1418 287 nec
1436 247 1571 300 patria
1587 246 1726 289 habeo

200 304 344 344 vinum
377 303 567 358 diligere,
590 304 665 344 sed
700 317 755 345 ex
784 304 1092 345 consuetudine
1114 304 1217 346 sola.
1279 305 1395 356 [Jam
1419 304 1562 360 itaque
1587 320 1727 347 assue-

199 360 334 402 factus
356 375 465 411 sum,
488 361 616 416 quod,
640 361 870 411 cervisiam,
894 363 1126 403 naturalem
1145 370 1293 417 potum
1317 361 1436 412 mihi,
1454 371 1623 419 gustare
1640 377 1725 404 non

198 432 385 473 possum,
409 427 472 459 est
495 418 606 458 enim
628 419 762 460 altera
782 419 1046 460 consuetudo
1068 420 1261 461 natura.'’
1348 419 1572 466 Quendam
1594 420 1727 462 fores-

200 476 366 525 tarium,
389 476 630 517 Johannem
656 476 815 517 Madur
836 477 1022 527 nomine,
1045 476 1124 518 sibi
1141 477 1241 518 dum
1268 476 1391 517 Prior
1412 487 1521 518 esset
1543 477 1596 518 de
1615 478 1726 533 Fyn-

197 533 310 583 kale,
346 533 401 574 ob
435 547 580 574 carnes
612 533 780 584 ferinas,
804 549 907 590 quas
932 533 1010 575 sibi
1031 534 1274 591 frequenter
1295 534 1462 585 detulit,
1487 534 1725 589 specialem,

198 591 333 632 factus
369 590 605 646 Episcopus
642 592 696 632 ab
730 591 869 633 officio
901 591 1079 646 expulit,
1104 592 1346 634 credentem
1371 607 1415 632 se
1437 592 1490 633 ab
1514 592 1727 647 Episcopo

197 648 436 689 mercedem
466 648 617 703 prioris
649 649 840 705 obsequii
859 659 1161 704 recepturum3
1194 649 1303 691 dixit
1325 650 1436 689 enim
1464 649 1698 704 Episcopus
1714 666 1725 699 3

201 712 231 731 ‘⁶
259 705 377 746 Sicut
413 706 714 759 praedecessori
750 721 859 756 meo,
893 707 953 747 ita
989 706 1091 748 mihi
1123 707 1303 763 pessime
1334 707 1590 756 deserviret3
1634 722 1727 749 cras

198 771 400 817 poterunt
422 763 512 804 fieri
535 765 689 819 turpia,
708 765 816 806 sicut
838 764 995 817 heri.'’]

315 1110 412 1138 CAP.
445 1109 556 1138 xvu.
621 1107 810 1135 INICIUM
851 1107 1110 1134 DISCORDIAE
1159 1106 1302 1133 INTER
1342 1107 1610 1135 ARCHIEPLS—

488 1165 646 1193 COPUM
681 1165 820 1192 EBOR.
854 1165 910 1191 ET
944 1164 1199 1191 ECCLESIAM
1232 1164 1445 1194 DUNELM.

723 1259 818 1301 [MS.
839 1258 922 1302 Cap.
941 1267 999 1290 cn.
1017 1257 1040 1289 f.
1059 1258 1121 1290 190
1138 1258 1188 1298 b.]

253 1360 381 1401 Anno
398 1355 577 1397 Domini
595 1365 830 1402 MCCLXXX,
849 1358 1131 1405 praesentatus
1146 1348 1223 1389 fuit
1241 1349 1379 1390 Adam
1399 1348 1452 1390 de
1472 1348 1654 1390 Barnebi
1671 1349 1726 1390 ad

193 1415 413 1460 ecclesiam
436 1414 490 1454 de
516 1412 789 1464 Rungetone,
814 1417 1048 1459 vacantem,
1074 1410 1157 1458 [et]
1189 1407 1467 1447 Eboracensis
1489 1407 1723 1456 dioceseos,

193 1490 270 1531 per
306 1472 497 1515 Priorem
519 1480 562 1511 et
587 1469 855 1510 Conventum
880 1465 1241 1513 Dunelmensem3
1269 1474 1312 1504 et
1334 1464 1432 1519 quia
1449 1464 1491 1504 in
1514 1464 1723 1519 praedicta

191 1530 522 1589 praesentatione
556 1525 675 1581 [sibi]
707 1526 972 1565 obedientiam
1003 1536 1088 1562 non
1115 1521 1388 1576 scripserunt,
1412 1530 1719 1575 praesentatum

194 1603 341 1632 eorum
364 1586 589 1628 admittere
608 1581 841 1629 recusavit3
863 1590 906 1621 et
927 1580 1004 1634 ipsi
1025 1580 1080 1620 ad
1095 1579 1251 1620 curiam
1277 1579 1510 1619 Romanam
1533 1579 1721 1634 appella-

192 1657 314 1695 runt3
340 1645 534 1699 factaque
556 1650 621 1683 est
641 1638 870 1694 appellatio
891 1648 935 1678 et
956 1636 1203 1692 provocatio
1221 1636 1288 1677 die
1310 1636 1508 1677 mercurii
1525 1636 1723 1690 proxima.

193 1714 289 1762 post
306 1700 559 1744 dominicam
578 1698 828 1754 palmarum,
848 1710 961 1736 anno
979 1709 1063 1751 quo
1077 1709 1216 1749 supra,
1236 1694 1351 1749 apud
1369 1693 1659 1735 Loncastriam
1679 1693 1721 1733 in

195 1763 412 1805 Prioratus
443 1771 623 1806 camera,
656 1756 698 1795 in
728 1768 813 1810 qua
833 1752 1029 1794 dominus
1053 1752 1412 1807 Archiepiscopus
1433 1751 1717 1806 pernoctavit.

192 1817 494 1875 Impetratique
527 1825 625 1855 sunt
654 1812 834 1869 judices,
878 1810 973 1868 [sed
1010 1810 1205 1851 dominus
1241 1809 1611 1863 Archiepiscopus,
1635 1808 1720 1850 alio

192 1879 346 1919 ductus
378 1873 565 1923 consilio,
590 1871 727 1926 primo
744 1869 952 1925 praedicto
978 1868 1085 1908 Adae
1109 1867 1238 1921 ipsam
1263 1866 1483 1908 ecclesiam
1505 1881 1721 1907 commen-

192 1935 320 1984 davit,
353 1947 486 1987 usque
517 1931 571 1971 ad
595 1929 746 1970 festum
768 1926 901 1968 sancti
926 1925 1155 1967 Cuthberti
1178 1925 1220 1965 in
1246 1923 1505 1978 Septembri,
1530 1933 1572 1965 et
1593 1924 1720 1965 intel-

191 1994 309 2035 lecta‘
332 1988 634 2044 impetracione
656 1986 769 2027 facta
791 1984 831 2024 in
856 1983 1006 2039 Curia]
1033 1982 1167 2037 ipsum
1189 1990 1494 2037 praesentatum
1517 1980 1558 2022 in
1583 1981 1719 2023 forma

190 2051 341 2107 primae
367 2044 705 2104 praesentationis
725 2042 908 2092 admisit,
932 2051 974 2082 et
996 2044 1037 2080 in
1060 2041 1209 2081 eadem
1234 2039 1396 2080 institui
1419 2039 1716 2080 demandavit:

191 2118 233 2150 et
267 2108 347 2148 fuit
383 2105 455 2146 illa
482 2101 702 2145 contentio
734 2100 796 2141 Sic
821 2099 970 2153 sopita.
1034 2098 1199 2139 Eodem
1227 2112 1356 2147 anno,
1381 2097 1421 2136 in
1454 2097 1562 2138 festo
1582 2096 1719 2138 sancti

195 2162 422 2208 Cuthberti
448 2163 511 2218 [in
535 2157 734 2214 Martio]‚
762 2157 897 2199 Priori
922 2155 1093 2207 [induto
1116 2154 1242 2196 sacris
1257 2155 1310 2195 ad
1327 2154 1529 2209 majorem
1549 2155 1714 2195 missam

191 2221 509 2272 celebrandam]
530 2226 739 2273 porrectae
760 2225 854 2255 sunt
878 2228 931 2255 ex
949 2222 1068 2268 parte
1089 2212 1407 2267 Archiepiscopi
1426 2211 1561 2252 literae
1576 2211 1718 2253 visita·

193 2280 335 2329 tionis,
366 2280 408 2319 in
430 2278 612 2319 crastino
641 2272 774 2315 sancti
795 2271 1000 2313 Johaunis
1027 2270 1246 2326 Baptistae,
1275 2269 1317 2310 in
1339 2269 1516 2310 ecclesia
1537 2278 1580 2310 et
1603 2270 1715 2324 capi-

191 2340 282 2381 tulo
322 2333 603 2378 Dunelmensi
635 2330 857 2380 faciendae,
895 2344 990 2370 cum
1013 2328 1085 2369 illa
1116 2327 1318 2377 clausula,
1346 2334 1373 2352 “
1397 2327 1526 2374 Quod
1549 2327 1588 2367 in
1607 2342 1715 2381 prae-

190 2395 322 2438 missis
353 2393 606 2443 duxeritffis]
636 2388 888 2437 faciendum,
922 2397 965 2427 et
997 2387 1050 2427 (le
1073 2385 1142 2427 die
1164 2384 1419 2440 receptionis
1440 2387 1713 2439 praesentium

190 2470 266 2496 nos
303 2454 415 2494 circa
448 2451 602 2491 festum
643 2445 989 2488 Annuntiationis
1026 2444 1267 2499 proximum
1306 2443 1383 2484 sub
1416 2443 1585 2483 vinculo
1607 2452 1649 2483 et
1671 2442 1712 2483 in

193 2512 349 2553 virtute
388 2506 646 2550 obedientiae
677 2502 955 2544 rescribatis.”
1018 2501 1400 2557 [Rescriptumque
1441 2500 1522 2541 fuit
1557 2500 1711 2551 eidem,

191 2569 319 2626 quod,
353 2567 453 2623 quia
489 2564 720 2619 Episcopus
753 2561 1052 2603 Dunelmensts
1074 2561 1117 2600 in
1139 2558 1282 2600 vicinis
1306 2560 1468 2601 Scociae
1491 2568 1593 2598 tunc
1614 2573 1713 2612 age-

191 2628 279 2676 bat,
314 2635 358 2666 et
379 2625 557 2678 majores
584 2619 770 2675 Capituli
794 2628 892 2660 tunc
916 2627 1149 2674 praesentes
1172 2632 1256 2658 non
1279 2625 1414 2666 erant,
1437 2631 1541 2672 quos
1564 2630 1710 2657 omnes

192 2684 395 2739 tangebat
430 2680 542 2721 istud
573 2694 694 2733 opus,
728 2677 837 2718 infra
870 2687 951 2718 tam
975 2677 1104 2717 breve
1135 2685 1302 2730 tempus
1325 2674 1460 2728 ipsum
1483 2673 1710 2714 certiorare

191 2742 361 2782 minime
399 2745 645 2793 potuerunt.
712 2734 1071 2790 Rogaveruntque
1108 2748 1217 2783 eum,
1257 2732 1371 2788 quod
1407 2731 1488 2772 hoc
1521 2731 1574 2772 ad
1612 2745 1712 2772 cou-

192 2808 396 2852 temptum
418 2797 476 2836 cis
499 2809 582 2835 non
605 2795 847 2847 imputaret,
867 2791 977 2848 quia,
1002 2806 1126 2846 quam
1150 2791 1234 2831 cito
1251 2792 1373 2845 plene
1391 2789 1707 2838 deliberassent,
