1807 2962
224 69 411 117 cclxviii
565 86 695 118 H1sT.
724 83 958 118 DUNELM.
983 86 1283 119 scmPTOREs
1310 87 1443 119 TREs.

222 192 491 234 concedimus
514 193 649 235 eidem
673 193 788 249 apud
813 193 975 236 Cellam
995 203 1182 235 nostram
1200 193 1253 234 de
1271 194 1463 235 Finchall
1481 194 1755 250 principalem

220 265 435 292 cameram
483 267 579 293 cum
628 252 807 307 capella,
859 261 902 293 et
948 250 1073 292 aliam
1116 266 1327 293 cameram
1369 251 1524 293 ibidem
1563 261 1758 294 vocatam

217 311 416 367 Douglas
440 318 536 351 tour
558 324 651 351 cum
676 310 853 350 cameris
876 316 919 350 et
937 309 1100 350 celariis
1124 309 1270 350 subter
1289 310 1464 351 eandem
1487 312 1756 360 constructis,
1806 324 1807 355 ζ

223 383 274 409 ac
307 368 668 410 sustentacionem
701 381 820 408 suam
855 382 936 422 pro
969 381 1027 417 se,
1059 367 1276 421 capellano
1299 382 1387 418 suo,
1412 375 1455 408 et
1476 377 1657 424 quatuor
1679 383 1763 408 ser-

222 427 434 468 vientibus
464 425 548 467 suis
578 424 807 481 praedictis,
832 439 927 465 cum
950 424 1150 475 candelis,
1174 424 1313 474 focali,
1337 434 1381 466 et
1402 425 1495 467 aliis
1516 425 1759 467 necessariis

220 499 299 540 pro
335 498 503 525 camera
533 498 622 534 sua,
657 498 705 524 ac
742 482 1071 524 racionabilibus
1108 482 1391 537 peticionibus
1420 484 1507 524 suis
1529 499 1608 538 pro
1629 499 1688 533 se,
1711 492 1757 530 et

222 542 314 585 aliis
346 542 402 584 ad
437 541 588 597 ipsum,
624 550 671 582 ut
704 540 989 595 praemittitur,
1013 540 1326 591 accedentibus,
1350 556 1446 582 cum
1469 541 1761 583 oblacionibus

221 610 264 643 et
286 599 438 642 ceteris
457 599 700 641 necessariis
722 614 799 654 pro
820 598 1041 653 capellano
1063 613 1139 639 suo
1161 598 1214 640 de
1233 599 1348 640 dicta
1373 599 1494 641 Cella
1515 598 1653 640 eidem
1673 608 1758 641 ter-

220 658 346 701 minis
368 657 579 700 consuetis
596 656 898 698 ministrandis,
961 656 1048 697 Pro
1070 656 1223 712 quibus
1245 656 1419 712 quidem
1441 657 1639 698 oneribus
1660 672 1760 712 sup-

220 716 441 772 portandis
478 724 521 757 et
555 714 816 757 inveniendis
852 713 975 755 Prior
1006 714 1060 754 de
1087 714 1290 769 Fynchall
1313 714 1517 769 percipiet
1539 714 1757 756 annuatim

221 775 275 817 de
309 773 577 815 Monasterio
606 773 892 814 Dunelmensi
915 772 1065 828 viginti
1085 772 1225 822 libras,
1249 773 1322 813 ubi
1348 773 1471 813 Prior
1494 772 1761 814 Dunelmen-

218 833 290 882 sis,
325 847 403 888 pro
439 839 632 886 tempore
655 830 860 879 existens,
884 830 1161 884 assignaverit
1183 829 1459 884 lecipiendaS.
1528 831 1704 872 Robas
1695 846 1759 871 ln-

218 905 348 946 super
379 905 456 945 pro
492 898 674 945 quatuor
706 887 986 929 servientibus
1014 887 1099 928 suis
1121 887 1334 942 praedictis
1357 888 1410 928 de
1439 887 1640 929 Bursario
1662 889 1759 930 Du·-

220 947 426 990 nelmensi
458 947 632 1001 singulis
655 945 772 987 annis
806 945 1028 1000 percipiet,
1052 960 1136 986 una
1176 960 1272 986 cum
1294 945 1409 986 dicta
1431 945 1633 1000 pensione
1657 961 1759 1011 qua-

219 1007 416 1064 draginta
446 1005 647 1046 librarum
670 1003 724 1045 de
755 1002 969 1058 praedictis
1002 1002 1193 1053 ecclesia,
1217 1002 1410 1044 maneriis
1442 1012 1484 1044 et
1518 1003 1761 1054 decima,'1n

221 1043 565 1120 supplementum
598 1061 775 1103 aliarum
807 1075 1091 1115 expensarum
1124 1060 1299 1115 singulis
1336 1061 1456 1102 annis
1487 1062 1760 1117 percipienda

223 1138 266 1163 1n
297 1122 434 1163 forma
461 1119 654 1175 supeiius
682 1133 869 1173 express
856 1127 956 1159 tta·
944 1150 955 1167 ,
988 1120 1302 1160 sustentacione
1324 1134 1400 1160 sua
1421 1118 1529 1160 infra
1549 1129 1763 1161 monaste-

223 1180 333 1221 rium
367 1178 720 1226 Dunelmensem,
759 1176 913 1226 eidem,
953 1185 1001 1217 ut
1029 1176 1301 1232 praemittitur
1323 1191 1533 1228 concessa,
1559 1192 1635 1232 pro
1658 1187 1764 1219 tem-

221 1252 329 1294 pore
362 1251 494 1277 morae
526 1249 615 1277 suae
649 1234 701 1276 ad
737 1242 860 1276 extra
892 1234 1060 1300 penitus
1092 1244 1301 1276 cessante·
1365 1234 1542 1289 Insuper
1563 1235 1762 1277 concedi-

221 1311 313 1337 mus
352 1294 493 1336 eidem
530 1291 761 1335 venerabili
796 1294 908 1347 patli
938 1292 1054 1348 quod
1081 1292 1129 1342 si,
1153 1292 1196 1333 in
1219 1300 1375 1334 eventu
1398 1293 1512 1346 apud
1534 1293 1681 1335 cellam
1705 1294 1761 1335 de

223 1352 421 1396 Finchall
461 1360 640 1407 propter
680 1351 843 1406 aliquas
885 1365 1031 1392 causas
1072 1350 1349 1392 racionabiles
1381 1351 1540 1391 ibidem
1577 1351 1760 1393 noluerit

220 1411 383 1453 diucius
406 1419 652 1474 expectare,
676 1409 792 1464 quod
809 1416 900 1449 tum
921 1407 1083 1450 licitum
1105 1408 1158 1449 sit
1179 1408 1317 1450 eidem
1340 1408 1479 1449 1·6(1116
1497 1410 1758 1463 integlaliter

221 1471 276 1512 ad
304 1469 483 1524 primam
513 1466 800 1532 provisionem
831 1481 950 1508 suam
981 1466 1089 1508 infra
1119 1466 1419 1507 monasterium
1447 1467 1757 1517 Dunelmense‚

219 1528 360 1570 eidem
410 1525 605 1582 primitus
642 1539 896 1565 concessam.
960 1524 1017 1565 Et
1049 1533 1096 1565 ut
1132 1524 1346 1579 praemissa
1368 1523 1508 1566 omnia
1529 1533 1572 1565 et
1600 1525 1766 1579 singuli

221 1587 390 1643 plenam
414 1585 598 1626 habeant
630 1582 793 1623 rob01is
815 1582 1059 1623 firmitatem
1082 1591 1309 1637 praesentes
1331 1583 1427 1623 11161
1429 1597 1472 1623 as
1487 1582 1609 1636 sigilli
1633 1583 1766 1623 nostri

223 1642 459 1685 communis
495 1640 758 1696 appensione
794 1640 969 1681 fecimus
1007 1640 1274 1681 communiri.
1339 1641 1453 1681 tiata
1478 1641 1725 1691 Dunelmi‚
1716 1656 1761 1681 111

224 1701 353 1742 domo
374 1708 517 1741 nostra
537 1698 772 1754 capitulari,
797 1697 1026 1739 undecimo
1048 1698 1117 1739 die
1135 1698 1286 1739 mensis
1301 1698 1429 1749 Junii,
1449 1713 1563 1739 anno
1587 1698 1762 1740 Domini

224 1758 444 1800 millesimo
466 1756 887 1813 quadringentesimo
909 1756 1236 1812 quadragesimo
1258 1764 1395 1800 sexto.

341 2079 561 2108 CCXXVIII.
597 2075 809 2104 ROTULUS
854 2075 902 2102 1N
945 2075 1039 2106 QUO
1083 2075 1379 2104 RECITANTUR
1420 2076 1643 2104 COMPILA-

343 2138 507 2166 CIONES
532 2136 683 2163 FACTAE
708 2135 796 2161 PER
820 2133 1076 2161 JOHANNEM
1101 2133 1405 2161 WESSYNGTON
1431 2135 1643 2162 PRIOREM

340 2197 430 2223 PRO
454 2193 743 2223 DEFENSIONE
768 2191 997 2220 ECCLESIAE
1020 2191 1362 2223 DUNELMENSIS.

840 2283 996 2326 [Locello
1014 2287 1044 2316 2.
1078 2285 1149 2325 61‚]

286 2380 617 2423 Memorandum
656 2377 772 2434 quod
805 2384 962 2432 praeter
998 2375 1165 2417 edificia
1183 2392 1279 2432 quae
1311 2376 1421 2417 infra
1442 2385 1560 2431 septa
1586 2376 1760 2419 Montis-

223 2440 318 2481 terii
339 2455 413 2494 per
435 2436 782 2493 piwocuiacionem
816 2444 860 2476 et
891 2434 1216 2475 sollicitudinem
1247 2433 1451 2475 Johannis
1478 2435 1759 2490 Wessyngton

224 2497 383 2539 Prioris
425 2506 522 2537 sunt
559 2502 802 2536 constructa
842 2493 904 2533 vel
951 2501 1159 2546 reparata,
1207 2492 1259 2533 ad
1303 2507 1509 2533 summam
1557 2507 1758 2546 expensae

220 2556 269 2595 Μι
288 2555 399 2595 1111111ι
419 2567 568 2595 CCXLI.
593 2566 840 2600 mar‘calunn
861 2565 946 2604 prae
951 2558 1013 2590 ter
1030 2550 1322 2604 reparaciones
1339 2549 1617 2599 extrinsecus,
1642 2549 1755 2591 idem

224 2613 349 2653 Prior
369 2613 423 2653 ad
446 2620 695 2675 perpetuam
715 2609 889 2650 tutelam
912 2616 956 2648 et
987 2607 1276 2648 defensionem
1311 2606 1486 2661 jurium,
1511 2607 1758 2648 libertatum

223 2678 267 2710 et
307 2669 624 2722 possessionum
669 2665 860 2707 ecclesiae
885 2664 1199 2714 Dunelmensis‚
1243 2664 1445 2705 adveisus
1486 2664 1673 2705 malicias
1715 2673 1759 2704 et

220 2726 562 2768 machinaciones
593 2740 661 2783 ¹1¹
648 2739 736 2766 am
754 2722 1039 2765 molencium
1031 2736 1350 2779 impugnare,
1326 2721 1504 2777 Scripta,
1528 2722 1581 2764 de
1606 2722 1757 2778 quibus
