1807 2962
467 87 731 120 ROBERTUS
759 87 824 119 DE
854 87 1195 121 GRAYSTANES.
1500 84 1592 137 1217

0 203 16 209 “
57 195 109 237 sit
145 195 187 236 in
219 194 406 246 homine,
445 195 520 237 sed
552 210 639 252 quo
674 195 840 246 tendat,
870 209 996 252 quam
1033 195 1346 237 conclusionem
1382 197 1585 243 intendat,

0 259 14 266 “
59 253 212 295 Audeo
228 253 340 295 enim
354 253 506 304 dicere,
523 254 639 310 quod
651 268 739 295 non
756 261 820 294 est
841 253 983 308 gracia
1003 254 1076 294 sed
1097 253 1158 295 ira
1180 254 1280 304 Dei,
1304 255 1407 297 tales
1429 255 1585 300 habere

52 312 227 366 graciaS,
251 319 294 352 et
314 311 368 352 de
390 311 449 352 eis
470 325 754 367 praesumere3
787 320 830 353 et
858 313 892 351 si
919 311 1075 367 singuli
1106 311 1160 352 de
1182 323 1394 354 conventu
1416 316 1587 356 conclu—

53 369 192 411 siones
223 368 430 411 Johannis
463 369 760 420 advertissent,
792 383 879 410 non
900 379 998 429 eum
1021 368 1149 411 tantis
1171 369 1386 411 favoribus
1407 373 1583 413 extulis-

52 434 162 477 sent,
183 436 226 469 et
258 427 350 482 ipse
381 426 520 468 minus
556 427 610 469 de
647 442 692 468 se
733 426 1085 482 praesumpsisset.
1167 426 1393 469 Discamus
1430 429 1582 484 singuli

50 491 212 541 quanta
227 484 280 526 sit
295 484 584 526 misericordia
602 485 899 539 Redemptoris
913 500 924 533 3
941 485 1012 526 ubi
1026 485 1139 526 enim
1154 500 1301 527 omnes
1312 486 1583 530 aestimabant

50 542 176 584 istum
196 542 438 584 Johannem
459 542 642 584 maxime
664 557 790 599 agere
807 542 862 583 ad
883 557 1002 584 suam
1020 543 1381 597 dampnationem,
1405 560 1585 588 conver-

50 600 103 641 tit
125 600 407 645 Deustotum
420 615 527 656 opus
543 599 587 641 in
603 601 708 656 ejus,
727 609 775 641 ut
794 599 1018 651 credimus,
1039 600 1337 646 salvacionem.
1404 603 1448 644 Si
1470 604 1582 646 enim

52 657 224 700 Curiam
246 672 329 699 non
352 657 520 708 adisset,
544 658 613 699 vel
633 657 693 700 ihi
714 666 863 700 contra
885 658 1077 700 Priorem
1099 673 1221 699 suum
1238 660 1447 712 evicisset,
1466 661 1584 703 favo-

48 715 162 757 ribus
194 715 414 757 hominum
447 716 647 767 elevatus,
670 716 739 757 vel
760 723 919 757 statum
944 716 1128 773 aliquem
1161 726 1432 774 consequtus,
1472 719 1582 761 forte

49 787 135 814 non
163 774 224 816 ita
243 774 353 816 bene
374 774 524 816 fuisset
545 782 750 818 mortuus,
813 773 907 816 ..Sed
931 774 1010 831 qui'
1026 784 1149 817 vocat
1171 790 1223 817 ea
1242 791 1340 832 quae
1362 791 1445 817 non
1467 787 1580 828 sunt,

48 831 157 876 sicut
177 847 227 874 ea
246 847 342 888 quae
363 840 477 883 sunt,
500 846 579 874 nec
600 831 690 873 vult
708 840 886 874 mortem
903 833 1152 887 peccatoris,
1176 833 1250 875 sed
1264 834 1580 889 poenitenciam,

47 888 101 931 sit
125 889 242 933 Deus
263 891 306 932 in
327 890 484 933 saecula
503 889 763 932 benedictus.
826 891 1003 940 Amen.]

155 1194 264 1223 -cA-P.
295 1194 436 1223 XLVH.
499 1195 732 1227 QUALITER
767 1196 942 1224 REc-lNA
974 1198 1196 1226 PHILIPPA
1230 1199 1460 1228 IGNORAN-

487 1253 576 1281 TER
600 1254 819 1281 1N'rRAv1T
842 1242 1160 1285 ABBATHIAM.*

572 1361 670 1404 [MS.
693 1362 773 1404 eap0
794 1361 993 1400 .„.f01‚220
1018 1364 1068 1407 b.]

105 1473 235 1513 Anno
262 1471 413 1527 gratiae
435 1485 556 1514 Mccc
575 1472 787 1515 tricesimo
806 1475 956 1525 tercio,
977 1475 1256 1531 feriavquinta,
1276 1475 1317 1516 in
1337 1476 1578 1518 ebdomada

47 1529 239 1580 Paschae,
272 1531 388 1572 venit
416 1530 509 1572 Rex
533 1530 808 1582 Dunelmum,
832 1540 874 1573 et
894 1533 937 1573 in
954 1532 1112 1574 Prioris
1134 1547 1301 1575 camera
1322 1533 1574 1589 hospitatur.

46 1587 83 1628 F
84 1587 171 1628 cria
190 1602 291 1629 vero
311 1596 462 1644 quarta
483 1588 674 1644 sequenti
707 1591 953 1644 supervenit
984 1590 1153 1645 Regina
1176 1591 1376 1646 Philippa
1398 1607 1483 1633 uno
1504 1592 1574 1634 die

44 1644 97 1685 de
134 1644 412 1700 Knarsburgh
435 1660 567 1701 usque
583 1646 875 1696 Dunelmum3
908 1655 953 1689 et
989 1648 1189 1704 ignorans
1223 1649 1574 1691 consuetudinem

42 1701 233 1743 ecclesiae
264 1702 581 1754 Dunelmensis,
614 1718 691 1758 per
721 1714 887 1760 portam
910 1705 1140 1748 Abbathiae
1162 1706 1218 1748 ad
1240 1721 1452 1748 cameram
1482 1707 1576 1748 Pri-

41 1760 125 1800 oris
147 1759 447 1811 descendebat,
486 1773 528 1802 et
568 1761 628 1802 ibi
657 1776 767 1803 v>cum
810 1763 934 1819 Rege
966 1765 1177 1807 coenabat.
1241 1764 1298 1806 Et
1318 1778 1429 1815 cum,
1453 1779 1577 1807 coena

41 1817 168 1867 facta,
200 1818 409 1868 cubasset,
442 1818 683 1859 intimatum
705 1827 776 1861 est
814 1819 925 1877 Regi
960 1835 1036 1876 per
1067 1822 1323 1863 monachum
1344 1823 1573 1878 quendam,

40 1875 257 1934 quomodo
276 1883 444 1917 sanctus
468 1876 729 1918 Cuthbertus
752 1877 973 1919 mulierum
996 1880 1264 1933 praesentiam
1287 1894 1371 1921 non
1386 1881 1569 1925 amabat„

45 1932 114 1973 Ad
134 1941 396 1988 praeceptum
417 1933 545 1988 igitur
579 1933 710 1988 Regis
728 1935 909 1977 surrexit
935 1936 1103 1991 Regina
1120 1952 1131 1986 ;
1165 1945 1207 1979 et
1232 1936 1277 1978 in
1299 1937 1443 1980 tunica
1463 1938 1567 1989 sola,

40 1998 243 2044 cooperta
282 1991 479 2042 clamide,
503 2006 580 2046 per
607 1999 776 2047 portam
811 2007 937 2049 quam
973 1994 1147 2036 intravit
1183 1994 1323 2046 rediit,
1348 2003 1392 2037 et
1426 1996 1484 2037 sic
1515 1996 1571 2038 ad

44 2046 241 2090 Castrum
275 2054 370 2104 [per
391 2049 595 2105 Likyate]
628 2064 672 2091 se
689 2050 927 2101 transtulit3
959 2066 1114 2108 rogans
1138 2053 1357 2105 Sanctum,
1380 2069 1434 2096 ne
1456 2055 1573 2111 quod

41 2104 285 2159 ignoranter
304 2106 461 2158 fecerat
484 2106 732 2152 vindicaret.
867 2124 870 2125 ⁷

517 2227 533 2243 ἰ*
562 2223 646 2258 This
664 2223 740 2258 title
757 2225 785 2258 is
800 2228 861 2259 not
877 2225 912 2259 in
929 2225 988 2260 the
1006 2225 1085 2259 MS.

765 2563 841 2599 H3
