1807 2962
437 97 715 130 APPENDIX.
746 96 865 127 ANN.
896 95 1122 126 MLxxxv.
1461 81 1536 127 xix

9 206 181 251 Oswino
205 205 304 247 data
326 215 435 256 sunt,
459 207 524 248 vel
548 207 589 246 in
614 215 827 261 posterum
852 204 1052 245 donanda
1073 210 1184 252 sunt,
1206 202 1305 244 Deo
1328 211 1369 244 et
1389 213 1535 244 sancto

12 265 251 309 Cuthberto
279 264 464 319 glorioso
502 263 744 314 confessori,
776 263 842 304 cui
875 263 1023 304 fratres
1056 260 1250 318 praedicti
1282 260 1536 301 deservituri

6 332 117 373 sunt,
166 323 280 363 dono
330 331 371 364 et
413 323 615 372 concedo,
660 330 702 363 et
750 321 908 376 scripto
950 319 1163 375 praesenti,
1212 319 1334 374 signo
1375 328 1535 360 sanctae

6 397 78 424 cru
102 383 161 442 »F
189 380 260 431 cis,
294 381 335 421 in
359 381 526 422 nomine
548 390 704 422 sanctae
727 379 948 420 Trinitatis
971 379 1190 419 confirmo.
1255 378 1298 419 Si
1321 378 1412 433 quis
1435 392 1536 418 vero

7 441 49 482 in
75 449 291 495 posterum
314 439 412 481 Deo
444 448 486 481 et
518 448 665 480 sancto
701 438 943 479 Cuthberto
975 437 1040 478 vel
1074 436 1286 491 praedictis
1318 435 1532 485 fratribus,

7 514 118 540 nunc
140 499 182 539 in
207 497 355 553 Gyrue
377 497 733 546 conversantibus,
758 495 832 537 sed
858 504 1009 550 postea
1031 495 1073 535 in
1097 494 1315 536 ecclesiam
1340 493 1535 549 praedicti

12 555 288 605 confessoris,
324 557 433 597 sicut
473 555 781 604 constituimus,
806 553 1120 603 transferendis,
1154 568 1261 602 eam,
1295 553 1362 594 vel
1394 552 1535 608 aliqua

7 615 133 671 ipsius
154 613 429 671 pertinencia,
463 614 642 662 auferre,
675 611 938 661 subtrahere,
972 627 1043 652 seu
1076 611 1217 668 aliquo
1251 611 1380 652 modo
1412 610 1536 651 dimi-

7 689 150 724 nuere,
167 672 500 728 praesumpserit,
521 670 680 712 domini
701 670 922 711 VValcheri
938 669 1141 724 episcopi,
1166 679 1207 711 et
1226 669 1360 710 tocius
1383 668 1536 724 synodi

7 732 129 788 hujus
154 730 452 772 Dunel-mensis
484 729 690 779 ecclesiae,
714 738 757 769 et
780 744 885 778 mea,
910 738 1035 784 atque
1059 728 1245 769 omnium
1271 727 1536 769 Christiano-

9 805 102 832 rum
131 794 173 828 -÷-
194 789 461 838 auctoritate,
483 798 693 843 perpetuo
715 786 984 828 anathemate
1007 787 1362 842 condempnetur,
1380 795 1421 827 et
1439 801 1536 827 cum

9 848 179 889 diabolo
211 856 254 888 et
284 846 445 901 angelis
481 847 569 901 ejus
604 846 758 887 eternis
795 845 961 898 ignibus
994 846 1037 885 in
1071 854 1264 886 eternum
1308 845 1534 885 crucietur.

10 909 161 950 Amen.
183 906 332 949 Amen.
355 907 508 948 Arnen.
560 904 687 945 Hanc
706 903 983 945 donacionem
1003 918 1083 958 ego
1110 904 1351 944 walcherus
1371 903 1538 943 Dunel-

9 964 165 1006 mensis
197 965 286 1018 epis
313 968 353 1004 -ἱ-
374 978 504 1018 copus
536 963 657 1017 signo
688 973 845 1003 sanctae
887 961 1021 1002 crucis
1063 963 1282 1005 confirmo.
1358 961 1537 1016 Signum

11 1023 218 1064 VValtheo
236 1023 278 1064 -l-
295 1022 321 1062 fi
341 1021 507 1062 comitis
526 1020 862 1076 Nortliymbriae.
900 1019 1076 1074 Signum
1095 1032 1137 1065 -ἧ-
1162 1020 1336 1061 Aldredi
1358 1019 1538 1061 comitis.

12 1081 187 1136 Signum
206 1086 248 1120 -÷-
270 1080 453 1121 Vthredi
482 1079 619 1120 fratris
664 1079 894 1120 Morekari‚
979 1078 1153 1132 Signum
1190 1079 1320 1119 Liulfi
1344 1081 1386 1118 ÷
1408 1078 1538 1135 patris

14 1138 247 1182 Morekari.
317 1138 492 1192 Signum
529 1140 571 1177 -i-
611 1137 830 1178 Leobwini
865 1136 1029 1177 Decani
1069 1137 1382 1178 Dunelmensis.
1448 1136 1542 1189 Sig-

12 1213 112 1239 num
128 1198 226 1240 Gile
245 1199 280 1241 -l-
297 1197 408 1237 berti
423 1196 589 1251 nepotis
610 1196 823 1250 Episcopi.
858 1194 1033 1248 Signum
1054 1195 1306 1249 Heminingi
1329 1210 1362 1237 4-
1382 1204 1539 1250 preost.

16 1257 188 1310 Signum
215 1257 255 1292 -ὶ-
277 1254 423 1294 Ylkilli
442 1264 597 1310 preost.
668 1254 845 1310 Signum
868 1257 910 1291 -l-
937 1253 1123 1293 Memini
1146 1263 1304 1308 preost.
1363 1254 1538 1308 Signum

18 1314 56 1355 E
77 1318 118 1352 -i-
140 1315 246 1354 lstan
272 1323 429 1368 preost,
495 1312 670 1369 Signum
699 1312 841 1353 Ernan
870 1311 943 1353 Bis
969 1318 1009 1347 -{-
1031 1327 1158 1365 copes
1186 1326 1303 1352 sune.
1361 1312 1541 1366 Signum

17 1373 303 1414 Swartebrant
325 1375 367 1409 -ἱ-
390 1380 544 1426 preost.
613 1370 789 1423 Signum
824 1370 979 1411 Gamel
1010 1379 1153 1424 preost
1176 1375 1230 1410 -l-.
1299 1368 1475 1424 Signum
1499 1370 1542 1411 ἦ·

19 1430 203 1472 Uthredi
222 1439 375 1485 preost.
423 1429 599 1483 Signum
621 1428 775 1468 Alwini
800 1428 885 1469 mili
908 1431 950 1468 ÷
974 1428 1037 1468 tis.
1093 1427 1268 1482 Signum
1298 1428 1473 1469 Wlstani
1499 1434 1542 1469 -i-

17 1489 170 1532 militis.
225 1489 402 1543 Signum
431 1486 605 1528 walteri
628 1489 685 1529 4.
719 1487 896 1541 Signum
922 1493 961 1524 4-
989 1486 1198 1529 Godredi.
1250 1486 1423 1540 Signum
1449 1486 1544 1528 AEl-

15 1547 111 1588 fridi
134 1552 186 1587 ÷.
229 1548 406 1601 Signum
426 1545 674 1586 Godnianni
690 1557 847 1600 preost.
893 1545 1068 1600 Signum
1098 1545 1296 1586 Kinewlfi
1320 1547 1363 1589 -ἧ-
1385 1546 1541 1590 militis,

133 1792 175 1820 X.
211 1792 529 1819 CONFIRMACIO
564 1793 612 1819 W.
647 1792 855 1819 EPISCOPI
882 1793 1013 1820 PRIMI
1038 1793 1095 1819 DE
1121 1793 1337 1820 ECCLESIA
1370 1794 1427 1819 DE

133 1850 393 1877 TYNEMUTH
411 1851 552 1877 FACTA
569 1850 806 1878 MONACHIS
824 1852 880 1877 DE
905 1851 1061 1879 JAROW
1081 1852 1136 1878 ET
1160 1851 1425 1879 WEREMOTH

133 1908 183 1935 IN
204 1908 473 1935 DUNELMUM
492 1908 782 1936 TRANSLATIS.

465 1988 511 2030 [1.
532 1990 559 2020 Ι.
579 1987 706 2021 Pontis.
724 1996 758 2021 et
777 1988 874 2022 Cart.
892 1991 921 2022 Ι.
939 1989 962 2021 f.
987 1992 1028 2021 82
1045 1991 1096 2034 b.]

79 2067 121 2102 -l-
147 2063 194 2104 ln
214 2064 381 2105 nomine
406 2064 543 2106 Patris
566 2073 609 2106 et
636 2065 727 2105 Filii
751 2074 792 2106 et
825 2065 1005 2120 Spiritus
1031 2067 1189 2117 Sancti,
1231 2067 1387 2109 Amen.
1454 2068 1548 2123 Ego

27 2121 286 2172 Willielmus,
331 2123 415 2164 Dei
457 2123 598 2177 gracia
633 2123 937 2164 Dunelmensis
980 2125 1231 2180 EpiscopuS‚
1272 2125 1311 2166 in
1348 2129 1550 2181 praesenti

0 2223 3 2239 J
23 2195 140 2221 sacra
172 2181 335 2236 synodo
358 2182 559 2231 concedo,
584 2191 625 2222 et
648 2182 865 2235 praesentis
902 2183 1045 2237 scripti
1068 2183 1299 2225 munimine
1321 2184 1552 2240 episcopali

0 2240 275 2301 [auctoritate
311 2240 517 2279 confirmo
554 2239 725 2280 Alduno
762 2240 913 2289 Priori,
948 2256 995 2281 ac
1028 2243 1337 2283 successorssms
1366 2237 1472 2298 ejuS‚
1507 2255 1551 2284 et

0 2296 216 2336 .omnibus
239 2297 454 2337 monacbis
476 2297 515 2337 in
541 2298 619 2337 hac
646 2297 924 2338 Dunelmensi
948 2300 1124 2340 ecclesia
1147 2308 1293 2340 sancto
1313 2301 1551 2341 Cutliberto

0 2372 2 2418 ζ
24 2354 204 2410 posteris
226 2354 489 2408 temporibus
512 2355 740 2403 servituris,
766 2357 805 2395 in
829 2365 1076 2410 perpetuam
1096 2358 1395 2413 elemosynam,
1416 2359 1552 2399 eccle-

0 2420 3 2470 )
24 2411 128 2452 siam
143 2412 197 2452 de
216 2412 476 2452 Tinemuthe
498 2427 593 2452 cum
611 2412 807 2453 omnibus
827 2413 1089 2467 pertinentiis
1109 2415 1249 2469 ipsiuS,
1267 2425 1349 2455 tam
1368 2415 1410 2455 in
1430 2417 1552 2457 terris

0 2472 1 2479 ¹
27 2484 149 2525 quam
173 2469 214 2509 in
236 2473 368 2525 aquiS,
395 2469 458 2510 vel
480 2470 604 2510 rebus
627 2470 884 2525 quibuslibet
916 2473 1096 2522 caeteris,
1121 2488 1247 2528 qnam
1291 2473 1551 2515 Waltheofus

2 2573 5 2584 ζ
32 2528 184 2569 Comes
225 2527 547 2568 Northumbriae
585 2527 744 2569 eisdem
779 2529 1009 2579 monachis,
1052 2531 1269 2586 quondam
1312 2530 1352 2571 in
1399 2532 1553 2581 Gyruu

2 2586 388 2635 {conversantibus,
414 2600 510 2626 cum
547 2585 780 2627 Morekaro
811 2602 947 2641 puero
970 2588 1225 2630 consobrino
1248 2604 1324 2629 sno
1344 2579 1462 2644 >prius
1495 2591 1552 2631 eis

2 2642 216 2692 {dederam
280 2644 413 2698 Cujus
443 2643 722 2684 donacionem
751 2644 993 2686 Walcherus
1026 2646 1246 2702 episcopus
1270 2648 1556 2701 praedecessor

31 2710 188 2752 noster,
212 2709 388 2756 petente
411 2710 453 2742 et
476 2701 689 2743 residente
710 2703 859 2743 eodem
883 2704 1051 2745 Comite
1069 2704 1109 2744 in
1129 2705 1293 2760 synodo
1310 2721 1427 2747 secus
1443 2723 1554 2757 eum,

4 2758 138 2824 {sicut
169 2768 313 2801 sancta
343 2760 528 2815 synodus
561 2760 639 2801 ista
662 2769 843 2801 testatur
874 2771 916 2804 et
949 2762 1078 2814 novit,
1103 2778 1177 2805 sua
1208 2763 1267 2805 eis
1304 2766 1557 2808 auctoritate

6 2826 8 2862 ζ
755 2833 781 2859 Β
809 2822 832 2859 2
