1807 2962
191 95 297 142 CXVl
520 110 651 142 HIST.
679 110 910 143 DUNELM.
935 108 1235 143 SCRIPTORES
1262 108 1396 139 TREs.

519 408 654 438 XCVII.
693 408 861 435 LITERA
896 407 1084 436 COMITIS
1116 396 1426 433 LANCASTRIAE.

833 483 944 528 [Orig.
972 484 1052 516 Loc.
1080 484 1127 526 1.]

270 562 309 602 Λ
331 569 459 616 gentz
482 561 727 602 ‹l'onurable
749 560 930 617 religion
952 569 1098 616 notre}
1120 559 1267 600 cheres
1287 557 1390 599 amis
1411 556 1451 597 le
1472 556 1625 597 Priour
1642 563 1684 596 et
1698 555 1739 597 le

215 620 386 661 Covent
407 620 460 660 de
484 620 693 660 Duresme
716 619 905 659 Thomas
923 619 1090 659 Counte
1110 618 1162 658 de
1184 617 1417 657 Lancastre
1438 623 1481 655 et
1498 614 1552 654 de
1569 614 1739 654 Leices-

213 688 278 717 tre
311 677 530 718 seneschal
563 677 860 729 d’Engleterre
882 676 1015 716 salutz
1037 684 1080 716 et
1101 676 1215 716 bone
1236 688 1397 715 amour.
1462 672 1549 712 Pur
1570 686 1617 711 ce
1638 670 1741 711 sires

213 750 267 790 qe
290 750 397 776 nous
419 750 555 776 sumes
577 734 718 789 requis
741 734 793 774 de
815 742 937 774 notre
959 733 1097 774 chiere
1120 742 1161 773 et
1177 732 1275 773 bien
1293 745 1412 772 amee
1430 729 1555 770 dame
1572 728 1741 769 Johane

219 793 457 834 Countesse
481 792 679 833 Dasseles
702 792 755 832 (le
778 807 880 832 vous
894 806 1072 846 requere
1089 805 1171 846 pur
1183 790 1296 831 John
1317 788 1369 829 de
1388 788 1539 829 Deane
1557 787 1665 827 clerc
1687 800 1741 841 qe

212 865 343 891 vouse
366 849 495 904 pleise
516 859 717 903 graunter
738 864 762 889 a
782 849 841 889 lui
863 864 909 890 sa
926 857 1176 889 sustenance
1207 862 1258 888 en
1287 854 1408 887 votre
1431 859 1603 885 mesoun
1635 857 1741 884 vous

213 908 371 962 prioms
401 907 481 947 sire
512 922 593 962 qan
625 907 707 947 dist
728 907 897 948 Johane
920 905 1094 947 veulliez
1118 914 1260 946 trover
1281 919 1326 944 sa
1347 912 1594 944 sustenance
1615 902 1742 942 dentz

213 975 335 1005 votre
356 965 444 1005 dite
469 979 642 1005 mesoun
665 973 788 1005 tauut
809 963 851 1018 qi
873 965 954 1004 soit
976 978 1080 1018 gary
1102 962 1156 1003 de
1178 977 1263 1002 une
1288 960 1480 1015 maladye
1501 959 1559 1015 qil
1584 959 1639 999 ad
1671 972 1743 998 sur

213 1023 273 1062 lui
304 1037 385 1076 pur
420 1023 599 1063 l'amour
635 1023 689 1062 de
727 1037 848 1064 nous.
916 1022 955 1061 A
977 1020 1091 1061 Dieu
1113 1020 1215 1060 sires
1237 1019 1276 1075 q'
1299 1033 1402 1058 vous
1424 1017 1543 1072 gard.
1568 1017 1698 1059 Done
1715 1030 1742 1056 a

215 1089 340 1122 notre
362 1079 519 1121 chastel
541 1080 594 1121 de
618 1079 762 1120 Pount
784 1078 906 1119 fraete
927 1078 966 1119 le
988 1092 1030 1118 vl
1048 1078 1149 1132 jour
1170 1076 1392 1118 d'octobr'.

698 1186 795 1228 Seal
813 1187 856 1227 in
877 1186 1009 1236 dorso,
1027 1185 1167 1236 fallen
1186 1184 1257 1237 <ff

542 1424 699 1453 XCVIII.
735 1424 900 1452 PENSIO
924 1424 1093 1453 DOMINI
1119 1424 1406 1453 CARDINALIS.

834 1504 939 1547 [Reg.
958 1504 1010 1536 11.
1028 1503 1051 1535 f.
1070 1507 1140 1547 58.]

278 1581 370 1621 Nos
396 1581 517 1621 Prior
539 1589 580 1623 et
603 1581 854 1622 Conventus
876 1579 1119 1621 monasterii
1142 1578 1447 1620 Dunolmensis
1466 1577 1744 1632 praesencium

218 1648 367 1679 tenore
401 1648 548 1679 notum
581 1638 757 1679 facimus
789 1637 1004 1687 universis,
1028 1638 1142 1693 quod
1165 1652 1255 1687 nos,
1279 1637 1549 1678 attendentes
1570 1635 1745 1676 sincerae

218 1696 464 1737 devocionis
496 1705 540 1737 et
577 1694 820 1736 dileccionis
852 1694 1065 1744 affectum,
1095 1710 1222 1751 quem
1253 1694 1530 1735 Reverendus
1553 1702 1675 1747 pater
1703 1701 1746 1734 et

217 1754 416 1794 dominus
448 1753 645 1794 dominus
679 1753 832 1801 Lucam,
868 1752 950 1792 Dei
982 1755 1125 1808 gracia
1157 1752 1268 1793 tituli
1311 1752 1478 1793 Sanctae
1518 1751 1671 1792 Mariae
1702 1749 1745 1791 in

225 1811 307 1851 Via
330 1811 441 1851 Lata
454 1811 660 1851 diaconus
678 1809 914 1858 cardinalis,
934 1811 986 1850 ad
1003 1825 1077 1850 nos
1094 1820 1138 1850 et
1154 1809 1315 1850 dictum
1332 1808 1632 1849 monasterium
1652 1822 1748 1848 nos-

221 1877 333 1908 trum
354 1869 480 1922 gerit,
505 1875 548 1908 et
570 1867 716 1907 debita
736 1866 994 1920 gratitudine
1017 1867 1273 1920 respondere
1288 1867 1506 1921 cupientes
1528 1865 1748 1920 oportunis

221 1924 573 1965 sollicitudinibus
596 1932 638 1965 et
659 1923 891 1972 1aboribus‚
916 1939 1021 1978 quos
1043 1924 1154 1964 idem
1175 1932 1296 1978 pater
1312 1938 1389 1978 pro
1410 1922 1563 1963 nostris
1585 1931 1627 1963 et
1644 1922 1747 1963 dicti

221 1981 463 2022 monasterii
485 1981 620 2021 nostri
641 1980 826 2033 negociis
849 1989 892 2020 et
914 1981 1258 2035 promociouibus
1273 1981 1363 2035 jam
1382 1979 1604 2034 assumpsit
1626 1989 1668 2020 et
1683 1995 1748 2020 as—

208 2053 391 2081 sumere
414 2038 528 2078 volet
550 2053 598 2078 ac
621 2037 777 2091 poterit
799 2037 841 2077 in
863 2037 1066 2088 futurum,
1082 2053 1159 2092 pro
1174 2039 1328 2093 quibus
1345 2053 1420 2078 nos
1437 2038 1688 2078 confitemur
1704 2045 1749 2078 et

223 2110 365 2136 sumus
388 2110 436 2135 ac
458 2110 546 2135 esse
568 2095 761 2135 volumus
779 2110 855 2134 suo
881 2095 981 2151 [ita]
1005 2105 1211 2150 perpetuo
1233 2095 1424 2149 obligati,
1448 2095 1749 2149 hac‘praesenti

225 2153 308 2202 die,
325 2153 559 2194 deliberato
577 2151 764 2202 consilio,
784 2152 837 2192 de
850 2152 963 2192 bona
984 2153 1117 2194 libera
1133 2161 1176 2193 et
1195 2154 1411 2194 communi
1426 2153 1643 2193 voluntate
1660 2167 1751 2192 om-

227 2210 343 2251 nium
366 2209 573 2259 nostrum,
598 2209 735 2250 eidem
767 2209 941 2250 domiuo
965 2211 1097 2252 Lucae
1128 2210 1342 2251 offerimus
1362 2218 1406 2250 et
1429 2210 1633 2250 donamus
1655 2223 1751 2250 cen-

227 2278 318 2308 tum
340 2268 524 2308 florenos
547 2266 647 2307 boni
669 2275 711 2307 et
732 2268 826 2321 puri
848 2267 936 2308 auri
963 2268 1017 2308 de
1043 2268 1275 2316 Floreucia‚
1300 2267 1377 2307 sibi
1401 2267 1464 2308 vel
1485 2267 1751 2321 procuratori

224 2325 355 2378 ipsius
394 2324 621 2365 Loudoni*
655 2323 698 2364 in
734 2324 843 2364 festo
880 2325 1111 2366 nativitatis
1136 2324 1392 2374 Dominicae‚
1417 2325 1537 2365 annis
1560 2324 1750 2380 singulis,

226 2382 427 2437 quamdiu
463 2382 630 2431 vixerit,
667 2381 880 2436 pensionis
913 2383 1098 2432 nomine,
1135 2397 1212 2437 per
1242 2397 1320 2422 nos
1342 2382 1408 2422 vel
1431 2391 1751 2436 procuratorem

224 2449 416 2480 nostrum
448 2439 501 2481 de
537 2438 641 2480 dicti
673 2439 917 2480 monasterii
951 2439 1084 2480 nostri
1115 2439 1389 2494 proventibus
1409 2439 1574 2495 integre
1596 2438 1755 2493 persol-

227 2498 415 2545 vend053
448 2497 502 2537 ad
538 2496 653 2552 quod
690 2496 868 2537 firmiter
902 2505 944 2538 et
975 2498 1199 2538 efficaciter
1220 2512 1270 2538 ac
1293 2496 1590 2538 inviolabiliter
1611 2497 1754 2536 obser-

229 2555 428 2603 vandum,
465 2569 540 2594 nos
577 2562 621 2594 et
663 2553 775 2594 idem
807 2556 1108 2596 monasterium
1141 2563 1345 2603 nostrum,
1370 2554 1484 2594 omni
1517 2554 1644 2594 modo
1666 2568 1752 2608 quo

225 2625 460 2666 possiunuS,
503 2611 756 2664 obligamus,
795 2619 839 2651 et
871 2626 927 2652 ex
959 2627 1069 2653 nunc
1090 2626 1179 2653 esse
1203 2611 1395 2652 volumus
1418 2611 1622 2667 obligati3
1656 2624 1751 2665 pro-

471 2729 487 2745 *
517 2723 660 2756 Altered
686 2725 719 2756 in
738 2725 798 2758 the
814 2726 944 2769 margin
963 2730 998 2759 to
1014 2728 1048 2758 in
1066 2729 1155 2759 curia
1175 2728 1322 2758 Romana
1337 2728 1386 2758 vel
1401 2727 1486 2757 alibi.
