1807 2962
189 90 281 132 “Ml
516 101 650 133 HIST.
677 101 913 133 DUN-ELM.
938 100 1249 133 SCRIPTORE&
1269 100 1408 134 TRESJ.

136 207 160 268 [
202 216 414 263 posuerat,
449 216 492 250 et
514 209 662 259 electo,
687 216 730 249 et
751 209 954 264 quasdam
977 207 1247 263 exceptiones
1270 208 1554 252 confinxerint
1575 219 1729 254 contra*

201 281 313 316 enm,
349 266 501 322 quibus
533 266 732 308 dicebant
768 266 1016 308 electionem
1051 266 1386 307 confirmandam
1418 282 1504 308 non
1525 284 1631 319 esse,
1655 285 1730 312 re-

197 324 453 380 sponditque
475 324 648 379 capituli
668 339 764 380 pars
784 324 898 381 quod
927 324 1056 381 Regis
1078 338 1164 365 non
1186 324 1388 365 intererat
1410 340 1535 381 super
1550 328 1732 383 quibus-

198 382 310 432 dam,
335 397 430 438 quae
452 382 774 437 objiciebantur,
799 381 947 432 audiri,
971 397 1066 423 cum
1089 391 1198 424 esset
1214 382 1359 433 laicus,
1379 397 1456 424 nec
1473 394 1581 426 esset
1595 400 1724 441 super

198 440 441 481 criminibus
478 452 521 482 et
556 455 690 495 super
718 441 808 482 aliis
840 440 1009 482 famosis
1040 440 1239 482 adversus
1259 455 1485 495 personam
1507 443 1727 485 ecclesias-

199 498 341 548 ticam,
376 501 492 554 cujus
530 513 696 553 semper
725 498 892 553 integra
925 507 1014 539 erat
1045 498 1158 539 fama
1179 508 1221 539 et
1242 498 1374 540 illaesa
1393 499 1580 554 oppinio,
1605 501 1732 542 audi--

200 556 336 597 endus
355 571 366 605 3
388 566 433 598 et
462 556 559 612 quia
594 556 708 597 idem
743 556 1105 612 Archiepiscopus
1133 556 1186 597 de
1208 556 1390 598 termino
1412 557 1455 598 in
1478 560 1734 610 terminum,-

199 614 298 655 licet
313 614 441 655 nichil
459 614 685 669 probatum
699 614 826 655 fuerit
847 629 902 656 ex
923 614 1116 664 adverso,
1137 627 1222 655 non
1240 615 1398 671 absque
1419 616 1537 670 gravi
1554 617 1737 671 dispen«

199 671 271 713 dio
293 672 480 713 ecelesiae
507 672 825 723 Dunolmensis,
849 673 1028 713 multum
1052 672 1104 713 sit
1129 673 1377 727 dampnosa,
1401 674 1501 729 quia
1522 675 1733 716 continue·

198 730 385 786 graviter
406 730 576 771 laeditur
598 739 731 771 status
752 731 856 786 ejuS,
881 730 992 771 misi-t
1014 735 1113 783 nos]
1139 730 1192 772 ad
1226 731 1353 785 pedes
1375 731 1610 774 sanctitatis
1632 748 1728 774 ves-

181 797 291 837 ⁹trae,
337 788 457 829 flexis
498 788 677 842 genibus
719 788 1013 844 supplicando,
1045 797 1106 838 ut,
1141 789 1222 839 [eis
1253 788 1580 831 misericorditer
1609 804 1726 832 com-

198 845 450 900 pacienteSJ,
487 846 820 901 Archiepiscopo
854 846 1113 888 Eboracensi
1146 845 1253 887 detis
1285 846 1325 887 in
1359 847 1582 898 mandatis,
1606 850 1730 905 quod·

200 903 309 944 infra
326 904 507 958 spatium
522 903 644 944 trium
668 904 1001 959 mensium,post
1022 904 1308 959 receptionem
1327 904 1543 946 literarum
1565 915 1731 948 vestra--

199 976 306 1011 rum,
344 963 481 1016 ipsum
517 961 734 1015 negotium
765 962 849 1003 fine
878 963 1023 1004 debito
1051 962 1248 1003 decidat:
1280 962 1577 1004 nichilominus
1607 979 1725 1006 man-

198 1019 349 1060 dantes
386 1019 616 1060 venerabili
644 1021 755 1075 patri
783 1020 960 1061 domino
993 1020 1050 1063 O.
1084 1020 1220 1061 sancti
1255 1019 1452 1062 Nicholai
1484 1021 1527 1061 in
1555 1036 1735 1064 carcere

202 1077 401 1118 Tulliano
415 1077 596 1118 diacono
614 1077 829 1128 cardinali,
846 1087 891 1119 ut
905 1078 939 1119 si
953 1078 1090 1123 dictus
1108 1077 1463 1133 Archiepiscopus
1477 1079 1725 1122 mandatum

199 1146 385 1176 vestrum
419 1135 658 1189 neglexerit
693 1136 939 1189 adimplere,
973 1135 1119 1176 audiat
1149 1135 1239 1191 ipse
1261 1151 1314 1177 ex
1338 1146 1440 1178 tunc
1458 1136 1570 1178 idem
1592 1153 1733 1192 nego-

198 1192 320 1243 tium,
337 1202 379 1234 et
401 1193 439 1234 ei
454 1194 543 1233 sine
562 1208 691 1235 niorae
713 1193 1128 1248 dispendio,justitia
1145 1193 1369 1244 mediante,
1385 1195 1576 1236 debiturn
1594 1197 1725 1238 finem

198 1250 410 1305 imponat:
434 1254 512 1302 [et,
537 1259 590 1291 ne
609 1251 828 1292 occasione
851 1251 1033 1306 ipsarum
1056 1251 1372 1306 exceptionum,
1389 1268 1492 1309 quas
1505 1268 1582 1308 pro
1603 1254 1734 1312 Rege

197 1318 431 1363 opponunt,
455 1308 680 1364 negocium
704 1310 923 1364 contingat
944 1309 1101 1350 deferri
1122 1309 1300 1360 diucius,
1324 1310 1491 1365 placeat
1509 1313 1730 1353 sanctitati-

200 1376 350 1408 vestrae
371 1366 439 1407 hic
461 1366 631 1408 easdem
653 1367 929 1422 exceptiones
946 1366 1107 1417 audire,
1128 1376 1171 1408 et
1188 1367 1371 1410 scribere
1394 1368 1728 1425 Archiepiscopo

199 1440 295 1480 quae
331 1423 495 1465 illarum
529 1425 715 1466 debeant
751 1425 818 1466 vel
851 1440 937 1466 non
978 1425 1164 1466 debeant
1195 1425 1377 1476 admitti,
1409 1426 1474 1468 vel
1505 1428 1548 1467 in
1573 1428 1729 1483 quibus

203 1496 345 1523 earum
382 1482 537 1523 debeat
564 1482 633 1523 vel
669 1497 753 1523 non
791 1483 942 1524 debeat
967 1483 1066 1524 Rex
1087 1482 1287 1533 audiri.”]
1347 1484 1419 1525 Ad
1440 1484 1532 1526 haec
1554 1485 1731 1527 domino

204 1540 335 1595 Papae
371 1540 659 1581 nunciandum
696 1540 813 1582 missi
848 1549 944 1581 sunt
981 1541 1034 1583 ad
1071 1541 1228 1583 curiam
1255 1542 1470 1583 Robertus
1492 1543 1547 1584 de
1570 1543 1726 1594 Efden,

202 1598 396 1652 supprior
418 1597 733 1648 Dunolmensis,
754 1598 1008 1640 Laurentius
1024 1599 1078 1640 de
1100 1599 1483 1655 Upsedelingtone,
1503 1609 1546 1643 et
1567 1601 1732 1643 Alanus

202 1656 469 1706 camerarius,
509 1656 703 1697 Roberto
738 1657 1071 1698 Hextildesham
1109 1658 1338 1699 adventum
1370 1673 1514 1699 eorum
1547 1660 1591 1699 in
1612 1660 1731 1701 curia

203 1722 475 1768 expectante.
554 1713 714 1755 Missus
746 1724 809 1755 est
832 1730 927 1756 cum
951 1714 1009 1756 eis
1031 1714 1232 1768 magister
1256 1716 1333 1759 W.
1357 1716 1412 1757 de
1433 1716 1474 1758 la
1499 1717 1621 1772 Hay:
1654 1717 1732 1774 qni

203 1786 350 1812 omnes
373 1770 413 1811 in
432 1771 581 1813 itinere
604 1772 759 1813 mortui
781 1782 894 1816 sunt.
959 1773 1154 1829 Cumque
1177 1773 1287 1814 idem
1310 1774 1467 1815 electus
1487 1774 1728 1817 licentiatus

202 1837 315 1871 esset
342 1844 367 1870 a
398 1829 532 1886 Rege,
563 1830 618 1870 ad
650 1830 808 1871 curiam
841 1832 1028 1881 veniens,
1061 1831 1175 1887 apud
1206 1832 1369 1882 Dover,
1394 1832 1630 1887 prohibitus
1662 1842 1726 1875 est

201 1887 487 1937 transfretare,
511 1902 536 1928 a
562 1888 786 1929 Bartramo
807 1888 860 1929 de
883 1890 1018 1931 Greol
1048 1889 1363 1931 constabulario
1384 1890 1590 1945 ejusdem.
1655 1891 1730 1933 Sic

201 1944 331 1998 igitur
364 1945 523 1986 electus
557 1945 782 2000 desperans
816 1946 869 1987 de
904 1948 1019 1988 exitu
1055 1947 1215 2002 negotii
1249 1947 1326 1997 sui,
1350 1947 1514 1990 diutina
1534 1949 1724 1990 ecclesiae
1774 1973 1777 1976 ·

200 2002 447 2043 viduatione
469 2003 632 2053 anxius,
649 2004 690 2044 in
714 2004 782 2045 die
807 2005 1047 2046 Palinurum
1074 2005 1333 2046 Dunelmum
1356 2007 1595 2057 revertitur,
1618 2023 1728 2062 pure

201 2068 243 2101 et
265 2069 415 2114 sponte
437 2061 681 2102 renuntians
704 2062 901 2104 electioni
925 2063 978 2105 de
1004 2079 1047 2105 se
1068 2063 1235 2105 factae-³*
1298 2064 1399 2113 Quo
1430 2064 1589 2115 audito,
1612 2065 1726 2108 misit

200 2131 278 2158 rex
310 2133 406 2158 snos
439 2119 719 2170 Dunolmum‚
753 2120 826 2176 qui
857 2134 1008 2163 contra
1038 2137 1250 2176 personaS,
1284 2137 1386 2178 quas
1415 2123 1621 2177 putabant
1648 2123 1723 2164 eli-

201 2176 374 2230 gendas,
405 2177 688 2231 appellabant,
724 2187 888 2229 contra,
923 2179 1098 2229 scilicet,
1133 2180 1339 2221 decanum
1365 2180 1725 2231 Lincolniensem,

201 2235 401 2274 vicarium
424 2234 475 2275 de
501 2235 730 2282 Alkeland,
754 2236 1002 2292 magistrum
1028 2237 1244 2280 Simonem
1267 2239 1319 2278 de
1343 2238 1539 2287 London,
1563 2248 1606 2279 et
1622 2253 1724 2279 con-

201 2302 265 2332 tra
296 2292 436 2346 plures
466 2292 696 2349 religiosos.
731 2294 862 2342 Quod
895 2295 1085 2336 videntes
1108 2295 1302 2336 monachi
1325 2295 1548 2351 elegerunt
1570 2297 1724 2351 magis-

202 2361 308 2390 trum
360 2350 612 2392 Nicliolaum
661 2352 713 2393 de
760 2352 1007 2403 Farueham,
1052 2363 1151 2394 tunc
1191 2353 1352 2408 reginae
1395 2353 1634 2404 medicum3
1677 2363 1721 2396 et

201 2407 359 2461 quievit
388 2408 495 2450 Rex.

710 2527 728 2543 Ψ
751 2527 955 2559 ΛΡΡΕΝΜΧ.
980 2525 1042 2559 No.
1062 2537 1119 2559 ω’.
1137 2537 1213 2559 nvi,
