1807 2962
166 78 281 109 CCXC
481 68 616 107 HIST.
639 75 876 106 DUNELM.
905 73 1214 106 SCRIPTORES
1235 73 1376 105 TRES.

171 189 237 225 eia
268 181 508 224 tenencinm
540 197 653 223 nuuc
684 180 974 237 superstitum,
1009 180 1307 221 tantummodo
1347 193 1425 234 pro
1456 193 1570 222 nunc
1594 187 1703 233 vsunt

172 240 371 282 levabilia
390 240 505 296 lxvj¹.
530 240 635 294 xiij⁹.

237 298 559 339 NORHAMSHIR
591 310 647 338 ET
681 296 970 337 ELANDSHIR.
1033 295 1104 336 De
1137 294 1336 349 proficuis
1358 303 1399 336 et
1420 294 1702 349 proventibus

179 355 449 398 ecclesiarum
472 355 526 396 de
541 354 747 403 Norbam,
770 354 924 403 Eland,
944 361 987 393 et
1011 352 1310 408 Ellyngebam,
1332 353 1556 393 Bursarius
1573 351 1707 393 nescit

177 413 463 469 respondere3
496 428 546 454 eo
588 412 703 468 quod
744 410 928 452 casualia
963 419 1077 459 sunt,
1115 419 1159 451 et
1180 424 1428 464 procurator
1460 410 1513 451 de
1544 409 1706 451 eisdem

178 472 368 513 nondum
391 470 651 525 computavit
670 485 679 510 ε
707 468 926 510 estimatur
948 477 1088 509 tamen
1111 468 1241 523 quod,
1265 467 1424 522 treugis
1446 467 1553 509 inter
1575 482 1708 521 regna

181 529 354 583 Angliae
385 537 429 569 et
462 527 624 570 Scociae
665 527 745 567 hoc
782 541 894 567 anno
926 526 1190 575 durantibus,
1224 535 1454 580 proventus
1476 525 1708 567 earundem

183 587 469 635 ecclesiarum,
513 601 538 627 a
578 585 685 626 festo
721 584 853 625 sancti
897 583 1091 634 Martini,
1125 599 1238 624 anno
1271 582 1449 624 Domini
1485 582 1708 624 millesimo

186 646 489 685 ccccm⁰xnv1t⁰
526 657 661 698 usque
701 642 755 683 ad
796 642 908 683 idem
950 641 1105 682 festum
1157 656 1269 682 anuo
1310 641 1517 691 revoluto,
1558 655 1603 681 se
1634 654 1709 681 ex-

186 701 362 743 tendent
384 701 511 751 clare,
536 700 729 741 deductis
759 699 964 754 porcione
986 698 1130 740 vicarii
1151 708 1193 740 et
1215 699 1303 740 aliis
1324 698 1474 748 feodis,
1496 698 1551 740 ad
1574 697 1707 755 iiijffl.

184 760 260 814 xjss.
284 759 358 813 vjd.

250 816 618 856 SHoREswoR'rH.
685 815 799 856 Villa
829 814 882 855 de
917 814 1208 856 Shoresworth
1232 813 1458 855 dimittitur
1484 812 1709 854 Willielmo

191 874 433 916 Sanderson
464 888 541 928 pro
574 872 670 928 viij¹.
692 887 768 928 per
790 887 970 921 aunum,
1003 881 1045 913 et
1066 886 1150 912 non
1174 871 1303 913 habet
1324 871 1609 912 dimissionem
1633 869 1710 911 nisi

187 931 242 972 ad
258 930 476 986 placitum.

249 988 544 1029 HERBOTILL.
609 987 744 1028 Terra
776 986 929 1027 ibidem
964 985 1193 1026 dimittitur
1228 984 1454 1026 Willielmo
1486 985 1707 1027 Thomson

186 1061 264 1101 pro
295 1046 366 1099 ij.
402 1044 477 1099 vjd.
509 1059 584 1099 per
615 1059 783 1094 annum,
809 1052 949 1084 tamen
970 1043 1149 1084 reddere
1173 1043 1337 1085 solebat
1358 1043 1456 1099 viijs.
1519 1043 1710 1085 Decasus

187 1104 246 1160 ijs.
266 1103 340 1157 vjd.

249 1161 593 1202 ELLYNGEHAM.
655 1158 796 1200 Gleba
827 1157 1019 1200 rectoriae
1060 1157 1219 1199 ibidem
1260 1157 1487 1199 dimittitur
1525 1158 1711 1199 Johanni

188 1219 430 1261 Fournesse
452 1216 671 1271 capellano
693 1227 737 1256 et
757 1215 912 1257 vicario
934 1216 1136 1271 ejusdem,
1152 1231 1228 1270 per
1249 1215 1531 1264 indenturam,
1555 1216 1609 1256 ad
1627 1225 1713 1257 ter-

188 1276 352 1317 minum
385 1275 502 1314 xvcim
534 1288 754 1323 annorum,
777 1273 858 1315 hoc
887 1288 1001 1315 anno
1033 1273 1180 1324 tercio,
1203 1273 1423 1315 reddendo
1454 1288 1532 1329 per
1553 1288 1712 1315 annum

192 1333 358 1387 xxxvj⁵.
383 1331 485 1387 viijd.

253 1391 582 1431 WARKWORTH.
650 1388 799 1429 Terrae
820 1387 976 1429 ibidem
1001 1387 1273 1429 dimittuntur
1293 1388 1452 1430 Comiti
1476 1388 1712 1429 Northum-

189 1447 293 1490 briae
314 1462 393 1502 pro
422 1447 555 1501 xxij.
585 1446 689 1501 viijd.
712 1461 789 1501 per
809 1461 984 1496 annum,
1009 1458 1150 1488 tamen
1171 1445 1229 1500 xij
1253 1446 1372 1487 annis
1389 1446 1541 1488 ultimo
1562 1446 1713 1500 elapsis

188 1506 319 1548 nichil
341 1504 464 1545 solvit
484 1519 561 1558 pro
583 1504 757 1546 eisdem.

249 1565 624 1605 CRAMLYNGTON.
686 1562 859 1603 Tenens
897 1568 1105 1602 terrarum
1141 1560 1297 1602 ibidem
1334 1561 1474 1603 reddit
1495 1562 1713 1604 annuatim

187 1621 320 1662 libere
344 1621 413 1675 ij.
436 1619 542 1674 viijd.

249 1679 632 1719 WALLESHENDE.
699 1676 914 1717 Tenentes
937 1675 1092 1717 ibidem
1116 1676 1301 1717 reddunt
1323 1691 1400 1730 pro
1422 1676 1537 1718 dicta
1549 1676 1648 1718 villa
1670 1685 1713 1719 et

188 1738 320 1778 bosco
351 1735 525 1783 ibidem,
559 1749 644 1774 una
674 1748 770 1775 cum
804 1733 1032 1790 Smythyar
1068 1743 1112 1774 et
1148 1734 1416 1789 Holmesyar,
1449 1749 1525 1788 per
1555 1750 1713 1776 annum

191 1795 301 1835 clare
323 1793 425 1846 xiij¹.
448 1792 564 1848 xvijs.
587 1791 665 1845 xjd.
728 1791 919 1833 Decasus
938 1791 1054 1845 lxij.
1080 1791 1182 1845 viijd.
1249 1791 1305 1831 Et
1337 1791 1435 1832 villa
1468 1791 1641 1842 ibidem,
1665 1801 1714 1834 ut

188 1850 475 1906 praemittitur,
510 1858 574 1890 est
605 1849 646 1889 in
678 1863 808 1890 manu
839 1848 1082 1890 teneneium
1103 1848 1403 1903 praedictorum
1425 1863 1521 1890 cum
1543 1865 1714 1905 repara-

190 1908 311 1950 cione
334 1907 535 1963 ejusdem.

253 1965 596 2005 WYLLYNGTON.
663 1962 878 2003 Tenentes
911 1961 1018 2002 inter
1048 1978 1091 2004 se
1113 1962 1269 2003 ibidem
1291 1962 1475 2003 reddunt
1496 1965 1714 2006 annuatim

188 2037 266 2079 pro
288 2023 436 2063 eadem
460 2020 558 2061 villa
579 2020 689 2061 clare
714 2019 805 2075 xij&
862 2019 1055 2061 Decasus
1078 2022 1210 2075 xxij.
1235 2019 1336 2073 viijd.
1402 2021 1459 2061 Et
1482 2023 1582 2063 villa
1602 2037 1714 2076 prae-

190 2081 306 2122 dicta
341 2077 571 2119 dimittitur
605 2077 726 2118 dictis
758 2077 999 2118 tenentibus
1036 2092 1131 2118 cum
1163 2077 1409 2118 omnimoda
1439 2081 1713 2134 reparacione

190 2138 329 2180 eidem
351 2135 674 2191 pertinencium.

247 2195 422 2236 Novum
450 2194 685 2234 C'ASTRUM.
748 2192 818 2233 De
838 2191 1041 2246 pensione
1063 2191 1134 2236 ix¹.
1159 2192 1232 2247 iijs.
1267 2192 1359 2247 iiijd.
1381 2192 1538 2237 ibidem
1566 2195 1710 2246 nichil,

189 2252 288 2310 quia
308 2252 543 2305 assignatur
566 2250 777 2306 Magistro
799 2250 852 2290 de
876 2250 911 2290 F
913 2265 1029 2293 arne.

251 2311 572 2351 PIPWELGATE.
634 2309 852 2349 Tenentes
894 2307 948 2348 ad
989 2308 1268 2358 voluntatem,
1308 2316 1351 2349 et
1383 2308 1453 2349 alii
1484 2310 1616 2351 libere
1649 2318 1713 2350 te-

188 2377 350 2418 nenteS,
375 2366 562 2408 reddunt
584 2366 695 2407 clare
717 2381 795 2421 pro
818 2366 937 2407 terris
959 2374 1001 2406 et
1024 2365 1277 2407 tenementis
1299 2365 1470 2414 ibidem,
1493 2367 1596 2422 lvijs,
1618 2367 1711 2422 iiijd.

186 2426 317 2467 Vasta
341 2425 497 2467 ibidem
519 2425 653 2478 xxij.
676 2424 779 2478 viijd.
800 2439 810 2472 3
844 2431 929 2464 tam
951 2432 1127 2478 propter
1149 2438 1234 2464 non
1256 2425 1572 2478 reparacionem
1594 2434 1714 2466 tene-

184 2492 440 2532 mentorum,
465 2491 554 2522 tum
576 2481 708 2524 eciam
730 2490 902 2536 propter
923 2495 1007 2522 non
1038 2482 1296 2523 levacionem
1320 2481 1548 2523 liberorum
1571 2483 1713 2524 reddi-

186 2550 321 2591 tuum,
358 2539 610 2582 exeuncium
645 2540 698 2580 de
732 2539 904 2579 diversis
940 2540 1194 2580 tenementis
1234 2538 1406 2590 ibidem,
1436 2540 1711 2582 Gatesheved

185 2609 228 2639 et
255 2599 441 2653 Helgate
460 2614 474 2646 3
508 2612 560 2638 eo
582 2597 697 2653 quod
719 2597 868 2638 eadem
903 2604 1157 2647 tenementa,
1182 2597 1295 2638 unde
1316 2606 1473 2639 exeunt
1494 2598 1596 2640 dicti
1618 2599 1713 2640 red-

183 2653 306 2708 ditus,
342 2672 418 2712 pro
457 2656 602 2710 majori
634 2664 756 2712 parte
780 2655 928 2711 jacent
957 2664 1088 2706 vasta,
1112 2665 1154 2697 et
1176 2669 1260 2697 non
1283 2655 1454 2698 fuerunt
1477 2656 1603 2699 soluti
1634 2671 1710 2712 per
