1807 2962
436 116 714 150 APPENDrx.
755 116 875 148 ANN.
906 116 1221 149 mccccxtw.
1469 102 1602 150 cccix

179 399 393 427 ccxxxlv.
432 399 681 428 CONCESSXO
714 400 940 428 GORRODH
974 400 1023 428 IN
1057 399 1186 429 DOMO
1221 400 1297 428 D'El
1334 400 1475 428 FACTA

564 458 771 485 JOHANNI
797 458 1077 489 CLOSTERER.

568 535 672 580 [Reg.
692 536 769 568 ΙΙΙ.
787 536 887 569 Parv.
910 535 968 569 fol.
987 537 1018 568 4.
1034 536 1081 578 b.]

123 612 274 653 Pateat
305 611 509 653 universis
532 627 608 667 per
647 621 877 666 praesentes
919 611 1035 668 quod
1077 626 1154 652 nos
1198 611 1471 661 Willielmus‚
1495 627 1590 666 per-

60 669 260 711 missione
286 670 429 710 divina
445 669 568 710 Prior
584 670 775 711 ecclesiae
804 669 1061 711 cathedralis
1079 669 1395 719 Duuelmensis‚
1419 685 1591 711 conces-

55 729 200 778 simus,
225 737 268 769 et
285 728 365 768 hoc
383 727 581 782 praesenti
599 727 757 782 scripto
780 723 940 777 nostro,
965 726 1153 768 caritatis
1170 727 1342 777 intuitu,
1366 729 1591 768 confirma-

57 785 205 836 vimus,
238 785 425 826 Johanni
452 784 731 835 Bloodlatter,
755 784 857 826 alias
879 785 995 826 dicto
1019 785 1279 834 C‘loosterer‚
1304 786 1416 826 illam
1440 786 1594 826 libera-

55 842 222 884 cionem
243 842 329 883 sive
350 842 589 884 corrodium
614 842 656 883 in
693 843 836 884 Domo
875 843 958 883 Dei
985 843 1112 897 juxta
1145 842 1404 884 Abbathiam
1430 843 1593 885 Dunei-

57 915 260 950 mensem,
294 909 487 941 vocatam
511 901 549 941 le
574 901 759 942 Meason
793 901 847 941 de
883 899 1010 949 Dieu,
1045 901 1099 941 ad
1137 909 1270 942 totam
1304 901 1431 941 vitam
1469 916 1589 942 suam

55 972 183 1013 quam
206 958 424 999 Johannes
449 957 656 999 Hertside
690 973 826 1012 nuper
857 958 1005 999 habuit
1038 959 1080 999 in
1114 958 1280 1008 eadem,
1314 958 1589 1013 percipiendo

55 1014 98 1055 in
121 1015 346 1056 esculentis
369 1024 410 1057 et
433 1016 671 1069 poculentis
705 1030 753 1056 ac
774 1015 866 1057 aliis
901 1015 1144 1057 necessariis
1177 1024 1305 1071 pro-ut
1327 1032 1438 1057 unus
1460 1016 1591 1058 frater

56 1073 124 1113 vel
145 1088 267 1114 soror
289 1073 465 1128 percipit
488 1074 529 1113 in
552 1073 766 1128 praesenti.
833 1074 898 1114 I-ta
920 1075 1197 1129 temeliquod
1215 1074 1351 1115 dictus
1364 1074 1587 1115 ,Iohannes

54 1130 200 1171 omnia
221 1146 351 1172 onera
372 1131 551 1186 praefato
572 1131 667 1172 loco
688 1130 950 1186 pertinencia
966 1146 1014 1172 ac
1032 1146 1256 1186 personam
1281 1147 1397 1172 suam
1415 1134 1587 1173 racione

54 1188 296 1242 hujusmodi
317 1188 598 1230 concessionis
620 1189 930 1242 contingencia,
954 1189 1136 1230 durante
1154 1189 1280 1243 ipsius
1299 1190 1395 1239 vita,
1413 1201 1588 1244 peragat

54 1255 97 1287 et
118 1255 354 1301 supportet.
424 1247 477 1287 Et
510 1246 783 1300 §contingat
814 1247 1065 1300 praedictum
1087 1247 1329 1288 Johannem
1364 1256 1519 1289 statuta
1544 1259 1587 1290 et

53 1304 382 1345 consuetudines
405 1305 572 1346 Domus
608 1303 695 1345 Dei
736 1304 967 1358 praedictae,
1006 1304 1275 1360 quantumin
1310 1321 1362 1345 eo
1396 1314 1474 1355 est,
1500 1320 1586 1347 non

50 1362 294 1411 observare,
318 1370 446 1417 atque
467 1361 591 1403 solita
607 1363 856 1416 precamina
874 1377 953 1417 pro
975 1363 1190 1403 animabus
1221 1362 1455 1404 fundatoris
1477 1364 1513 1417 ej
1523 1379 1587 1404 us-

52 1419 152 1460 dem
190 1420 359 1461 Domus
393 1419 478 1461 Dei
520 1434 603 1460 nou
628 1421 884 1473 persolvere,
908 1429 982 1461 aut
1013 1420 1342 1461 fornicacionem
1376 1421 1440 1461 vel
1464 1422 1584 1463 adu]—

52 1478 206 1518 terium
228 1476 510 1526 committere,
544 1487 619 1519 aut
634 1477 806 1532 nupcias
823 1488 921 1532 post
935 1478 1030 1519 istas
1049 1493 1158 1518 nunc
1172 1487 1410 1519 contractas
1432 1478 1586 1521 iterato

53 1536 319 1585 contrahere,
358 1545 516 1576 extunc
551 1535 661 1575 idem
696 1535 914 1576 Johannes
937 1536 1098 1576 carebit
1139 1536 1335 1577 omnibus
1367 1537 1581 1591 praedictis

53 1592 379 1647 imperpetuum.
448 1593 495 1633 In
518 1593 635 1646 cujus
657 1592 717 1632 rei
740 1592 1027 1634 testimonium
1056 1592 1238 1647 sigillum
1261 1603 1449 1634 nostrum
1474 1611 1584 1649 prae-

49 1651 242 1691 sentibus
264 1659 324 1691 est
346 1665 592 1704 appensum.
656 1650 771 1690 Data
806 1650 1021 1700 Dunelmi,
1061 1650 1259 1691 vicesimo
1294 1653 1483 1694 secundo
1516 1654 1585 1696 die

53 1708 208 1750 mensis
260 1708 538 1767 Septembris,
571 1722 685 1752 anno
710 1707 884 1750 Domini
908 1713 1128 1749 M⁰cccc¹¹³⁰
1153 1712 1309 1751 XLV120.

154 1974 346 2005 CCXXXV.
416 1974 584 2002 LITERA
616 1976 804 2003 parom-s
842 1976 1046 2003 ‘DI'REC'PA
1077 1975 1287 2003 'JOHANNI
1323 1976 1486 2004 HERON

695 2034 955 2064 ARMIGERO.

565 2112 671 2155 [Reg.
689 2112 762 2144 111.
785 2112 884 2144 Parv.
903 2109 960 2142 fol.
980 2112 1030 2146 12.
1046 2111 1094 2153 b.3

112 2186 384 2240 Wirshi-pfull
407 2186 476 2235 sir,
500 2186 582 2227 and
606 2202 675 2242 my
696 2187 809 2241 right
841 2187 982 2241 goede
1012 2187 1207 2236 frenude,
1236 2187 1255 2227 I
1287 2192 1583 2232 recommende

50 2258 120 2284 me
171 2253 217 2284 to
260 2258 387 2298 *yowe
440 2244 538 2284 with
589 2244 645 2284 all
697 2259 765 2299 my
818 2244 961 2292 hertt3
1015 2244 1238 2300 thankyng
1286 2260 1382 2300 yow
1432 2247 1483 2287 of
1526 2250 1582 2289 all

53 2301 278 2341 kindnesse
325 2301 407 2341 and
459 2300 757 2342 forthcraunee
817 2302 936 2341 doen
999 2310 1044 2341 to
1095 2316 1162 2342 me
1214 2303 1299 2342 and
1360 2318 1488 2357 inyne
1539 2316 1584 2347 at

53 2359 109 2399 all
145 2368 308 2414 tyme33
341 2358 560 2413 besekyng
591 2373 711 2413 yowe
743 2358 793 2398 of
817 2372 928 2412 your
948 2357 1089 2411 goode
1120 2357 1203 2398 and
1243 2358 1458 2400 effectuall
1481 2376 1584 2403 cou-

54 2426 282 2471 tynuance.
363 2415 463 2456 And
483 2415 690 2455 forasmch
709 2430 752 2455 as
774 2424 945 2470 certeyn
963 2414 1088 2455 castel!
1111 2416 1161 2455 of
1176 2429 1272 2469 myn
1295 2431 1401 2456 warr
1421 2417 1584 2474 dreyin

50 2475 143 2514 into
170 2472 439 2522 Riddesdale,
464 2472 579 2512 wher
593 2473 677 2527 yhe
700 2473 806 2513 have
826 2487 1125 2527 governaunce
1161 2473 1244 2513 aud
1279 2472 1464 2530 kepyng,
1499 2479 1584 2520 and

51 2530 220 2571 boroud
260 2545 397 2585 agayn
441 2530 496 2585 by
537 2539 712 2585 certeyn
748 2529 922 2570 frennds
963 2529 1015 2569 of
1042 2544 1166 2585 myne
1203 2529 1440 2586 withoutyn
1476 2549 1586 2588 your

53 2587 290 2644 kuowlege,
314 2586 458 2641 agains
480 2587 552 2627 the
573 2587 737 2627 fredom
760 2586 843 2627 and
875 2585 1161 2627 fraunchiesse
1198 2586 1248 2626 of
1262 2603 1370 2642 your
1405 2590 1494 2631 said
1513 2592 1586 2633 ke-

52 2659 181 2701 pyng,
210 2645 228 2685 I
251 2660 353 2701 pray
375 2659 483 2700 yow,
508 2644 566 2685 als
590 2645 727 2699 hertly
748 2659 792 2684 as
816 2643 832 2684 l
859 2658 952 2693 can,
977 2643 1068 2685 that
1089 2643 1171 2700 yhe
1193 2645 1245 2685 be
1265 2654 1339 2685 not
1357 2646 1584 2701 displeside

53 2703 118 2742 for
139 2717 194 2743 no
221 2703 354 2757 thyng
376 2712 437 2743 att
470 2703 501 2742 is
533 2702 662 2747 doon,
697 2711 741 2741 to
773 2702 845 2742 the
883 2710 997 2757 tyme
1018 2701 1101 2757 yhe
1134 2702 1218 2742 and
1258 2702 1277 2743 I
1310 2718 1503 2746 common
1541 2718 1586 2749 to

53 2760 212 2813 gedre3
245 2769 308 2801 att
341 2761 452 2801 what
485 2770 614 2815 tyme‚
649 2760 686 2800 if
710 2759 804 2799 thar
835 2759 914 2799 bee
952 2759 1025 2800 fun
1058 2773 1143 2815 ony
1173 2759 1330 2802 defalte
1362 2762 1502 2806 doone
1541 2778 1585 2807 to

784 2830 808 2857 U
835 2820 860 2857 3
