1807 2962
221 62 380 109 CCCCiV
538 80 672 112 HIST.
697 81 935 112 DUNELM.
966 81 1271 114 SCRIPTORES
1298 82 1438 114 TRES.

223 199 279 226 ex
301 196 423 240 parte
446 186 625 228 dextera
646 187 746 228 dicti
771 188 929 229 domini
955 187 1128 238 Primis,
1153 198 1195 230 et
1212 189 1416 245 magistro
1439 187 1624 230 Ricardo
1645 189 1753 245 Caly

223 243 444 297 suppriore
475 245 611 298 primo
641 260 695 285 ex
717 254 836 300 parte
857 245 1037 295 sinistra,
1062 254 1105 286 et
1129 246 1330 300 magistro
1355 246 1524 287 Thoma
1548 247 1754 288 Swalwell

225 300 402 342 terrario
425 302 611 343 secundo
633 312 674 342 et
698 303 847 343 ultimo
870 318 923 343 ex
946 312 1063 357 parte
1085 303 1278 344 dextera.
1346 303 1511 350 Quibus
1534 304 1755 345 confratri-

225 358 304 398 bus
338 359 531 400 custodia
562 359 868 413 spiritualitatis
903 360 1080 401 civitatis
1118 370 1161 401 et
1193 361 1410 402 dioceseos
1436 361 1751 411 Dunelmensis,

225 416 325 456 sede
359 417 588 471 episcopali
625 418 815 471 ejusdem
851 432 927 472 per
964 427 1146 459 mortem
1179 419 1303 459 bonae
1339 420 1553 459 memoriae
1594 419 1754 460 domini

229 473 440 514 Willielmi
461 476 596 516 Senus
616 475 749 515 ultimi
768 475 878 515 sedis
894 475 1083 529 ejusdem
1107 476 1301 517 antistitis
1320 485 1510 526 vacante,
1533 491 1611 531 per
1635 477 1756 517 Prio-

223 545 313 571 rem
338 541 381 572 et
402 532 634 586 capitulum
659 532 850 573 ecclesiae
872 532 1128 574 cathedralis
1150 533 1378 574 antedictae
1400 544 1491 574 erat
1513 534 1752 583 commissa,

222 597 266 628 et
289 588 386 630 huic
410 590 619 630 secundus
642 600 684 631 et
701 591 874 630 ultimus
896 605 951 631 ex
972 600 1093 644 parte
1115 591 1281 631 sinistra
1298 591 1556 632 consedebat
1572 591 1613 631 in
1633 590 1753 631 sedili

222 646 430 700 praedicto
463 647 664 701 magister
700 648 950 688 Edmundus
981 648 1142 689 Jakson
1175 648 1315 701 legum
1349 648 1511 697 doctor,
1540 663 1589 689 ac
1611 656 1752 689 rector

221 703 412 744 ecclesiae
462 705 713 758 parochialis
765 705 817 746 de
868 704 1115 746 Whitbarne
1166 705 1467 746 Dunelmensis
1519 706 1753 747 dioceseos,

227 760 371 811 Unde,
406 761 528 803 finito
559 778 768 812 Sermone,
793 762 989 803 dominus
1016 763 1138 803 Prior
1159 762 1358 816 deposuit
1380 777 1542 816 capam,
1567 763 1749 812 mitram,

221 819 436 869 baculum,
471 829 553 863 etc.
588 820 629 860 in
653 820 783 861 choro
807 820 1001 870 Galileae,
1027 830 1067 860 et
1090 820 1246 861 ibidem
1269 820 1458 869 sedebat,
1484 820 1753 860 consedenti-

221 877 298 917 bus
317 877 433 918 dicto
450 878 615 918 decano
633 893 686 918 ex
704 888 825 932 parte
842 880 930 932 ejus
949 878 1139 927 dextera,
1160 887 1203 918 et
1220 878 1342 917 dictis
1361 878 1562 931 magistro
1582 878 1753 919 Thoma

226 935 433 975 Swalwell
466 944 507 976 et
541 935 773 975 Edmundo
805 935 965 976 Jakson
991 950 1045 975 ex
1067 944 1186 989 parte
1209 934 1391 975 sinistra.
1462 934 1589 976 Unde
1611 934 1749 989 primo

219 993 298 1032 toti
332 992 447 1033 clero
484 992 680 1046 exposito
713 1007 791 1046 per
827 992 1051 1047 praefatum
1090 992 1309 1033 dominum
1336 992 1535 1045 *Priorem
1568 993 1749 1049 qualiter

220 1059 400 1105 utraque
434 1050 549 1099 sed-e,
590 1050 665 1093 viz.
700 1051 955 1091 Eboracensi
980 1059 1020 1091 et
1046 1050 1324 1091 Dunelmensi
1346 1049 1537 1091 similiter
1559 1061 1749 1101 vacante,

218 1109 353 1147 omnis
392 1117 434 1148 et
468 1108 715 1148 omnimoda
742 1107 988 1163 jurisdiccio
1022 1107 1245 1162 spiritualis
1270 1107 1447 1148 civitatis
1469 1117 1510 1149 et
1533 1108 1748 1149 dioceseos

216 1165 518 1206 Dunelmensis
555 1165 608 1206 ad
647 1166 835 1207 Priorem
859 1174 902 1206 et
935 1166 1169 1221 capitulum
1193 1165 1526 1206 Dunelmensem
1551 1165 1747 1221 pertinet,

216 1223 325 1263 sicut
360 1223 413 1263 de
444 1224 539 1277 jure
574 1237 621 1264 ac
656 1223 965 1264 consuetudine
988 1224 1194 1264 hactenus
1218 1223 1436 1277 pertinuit,
1462 1232 1503 1264 et
1525 1234 1751 1279 propterea

215 1281 456 1321 commissio
488 1281 694 1321 custodiae
717 1281 960 1336 hujusmodi
984 1280 1296 1336 jurisdiccionis
1319 1281 1445 1321 certis
1467 1281 1745 1323 confratribus

214 1339 344 1378 dictae
373 1339 568 1379 -eeclesiae
605 1339 859 1380 cathedralis
894 1339 1016 1388 facta,
1053 1354 1178 1395 quam
1212 1338 1553 1379 commissionem
1587 1339 1745 1380 ibidem

214 1397 382 1450 publice
406 1412 482 1451 per
504 1396 747 1450 magistrum
770 1397 979 1437 Thomam
1007 1397 1213 1438 Swalwell
1232 1397 1392 1453 perlegi
1411 1397 1531 1446 fecit3
1555 1412 1748 1453 quaper-

214 1455 326 1495 lecta
358 1455 741 1508 preconizabantur
778 1470 925 1496 omnes
959 1454 1029 1510 qui
1055 1455 1110 1496 de
1133 1454 1246 1495 clero
1268 1454 1425 1495 ibidem
1450 1454 1651 1497 interesse
1673 1457 1747 1497 de-

215 1512 366 1553 berent
392 1513 520 1554 modo
542 1513 747 1569 sequenti.

332 1677 504 1704 SANCTA
525 1676 722 1704 SINODUS
747 1676 1014 1703 CELEBRATA
1040 1675 1087 1702 IN
1108 1675 1306 1702 GALILEA
1326 1674 1627 1702 DUNELMENSI

331 1735 519 1766 QUARTO
554 1735 630 1761 DIE
665 1734 830 1760 MENSIS
864 1733 1091 1761 OCTOBRIS
1120 1733 1244 1760 ANNO
1270 1733 1438 1760 DOMINI
1461 1732 1628 1759 MILLE-

331 1793 439 1819 SlMO
465 1791 853 1824 QUINGENTESIMO
878 1791 1090 1819 SEPTIMO.

273 1893 396 1933 Prior
447 1893 637 1934 ecclesiae
689 1892 942 1933 cathedralis
996 1890 1309 1934 DunelmensiS.
1403 1891 1742 1932 Archidiaconus

213 1949 528 1992 DunelmensiS.
607 1950 944 1991 Archidiaconns
979 1948 1369 1990 Northumbrensis.
1444 1951 1590 1991 Abbas
1630 1950 1743 1990 Novi

214 2007 481 2049 Monasterii.
542 2008 688 2049 Abbas
710 2007 763 2047 de
782 2007 1027 2062 Alnewyke.
1091 2007 1236 2048 Abbas
1253 2006 1306 2046 de
1331 2006 1552 2047 Albaland.
1618 2007 1742 2048 Prior

208 2066 264 2106 de
301 2066 594 2107 Brenkeburn.
657 2066 856 2106 Decanus
888 2065 941 2106 de
975 2064 1190 2105 Aukland.
1255 2063 1454 2104 Decanus
1486 2065 1539 2105 de
1575 2064 1742 2106 Cestria

208 2124 251 2162 in
277 2124 429 2164 Strata.
494 2123 695 2164 Decanus
719 2123 772 2163 de
794 2122 1100 2176 Langchestre.
1164 2122 1364 2162 Decauns
1383 2121 1435 2162 de
1457 2122 1739 2177 Darlyngton.

210 2180 422 2234 Effagister
443 2180 661 2235 hospitali-s
684 2180 736 2221 de
767 2180 1003 2236 Kepeyere.
1069 2179 1277 2233 Magister
1298 2178 1516 2233 hospitalis
1534 2179 1587 2219 de
1613 2179 1740 2221 Sher-

207 2238 330 2282 burn.
398 2238 608 2292 Magister
644 2237 864 2292 hospitalis
898 2237 951 2278 de
990 2237 1212 2278 Gretham.
1276 2236 1486 2292 Magister
1520 2236 1738 2291 hospitalis

210 2296 353 2337 Sancti
390 2296 602 2336 Edmundi
636 2295 823 2350 episcopi
859 2295 900 2335 in
935 2294 1213 2336 Gateshevid.
1279 2293 1488 2347 Magister
1519 2294 1737 2348 hospitalis

213 2354 354 2394 Sancti
383 2353 598 2395 Edmundi
613 2353 721 2407 regis
744 2353 783 2392 in
802 2353 967 2395 eadem.
1024 2352 1189 2393 Rector
1205 2351 1258 2392 de
1277 2351 1526 2394 Gatishevd.
1578 2352 1739 2393 Rector

207 2411 261 2451 de
305 2411 484 2452 Bolden.
563 2411 722 2452 Rector
759 2411 812 2451 de
851 2409 1113 2451 Whitbarne.
1178 2408 1487 2463 Proprietarius
1518 2410 1572 2450 de
1607 2410 1737 2451 Wer-

206 2469 356 2510 mouth
396 2469 714 2511 monachorum.
805 2468 963 2508 Rector
1011 2468 1064 2508 de
1110 2466 1401 2520 Weshington.
1482 2467 1642 2508 Rector
1682 2468 1736 2508 de

208 2527 369 2580 Ryton.
443 2527 602 2568 Rector
638 2527 691 2567 de
731 2525 978 2580 Whycham.
1045 2525 1206 2565 Rector
1240 2524 1293 2564 de
1338 2525 1586 2565 Wermouth
1623 2525 1735 2579 epis-

203 2585 314 2638 copi.
379 2584 691 2638 proprietarius
723 2583 775 2624 de
802 2583 972 2624 Sebam.
1040 2583 1196 2623 Hector
1218 2582 1270 2622 de
1297 2582 1563 2639 Howghton.
1628 2583 1734 2623 Pro-

202 2642 425 2695 prietarius
472 2643 524 2683 de
570 2642 823 2695 Pittington.
903 2641 1094 2680 Vicarius
1136 2640 1188 2679 de
1230 2639 1395 2682 eadem.
1481 2640 1638 2680 Rector
1680 2640 1733 2680 de

207 2699 442 2755 Esyngton.
524 2700 831 2753 proprietarius
868 2698 921 2738 de
961 2698 1122 2738 Dalton
1166 2698 1207 2737 in
1246 2696 1368 2736 valle.
1441 2696 1634 2737 Vicarius
1676 2697 1731 2737 de

200 2757 363 2799 eadem.
451 2756 758 2811 Proprietarius
809 2756 862 2797 de
912 2755 1150 2811 Hesylden.
1233 2753 1423 2796 Vicarius
1465 2754 1519 2796 de
1567 2755 1729 2797 eadem.
