1807 2962
488 73 768 108 APPENDIX.
808 70 928 104 ANN.
957 71 1134 103 mecm.
1474 52 1580 99 lxvii

188 374 352 402 ’XLVIII-
385 374 530 403 CARTA
562 372 698 401 REGIS
731 371 963 400 JOHANNIS
986 370 1044 397 DE
1068 368 1239 402 QUIETA
1263 366 1434 395 CLAMA-

623 431 764 459 CIONE
789 429 1019 457 KARRAGE.

646 508 760 550 [Cart.
779 507 805 540 Ι.
821 507 844 539 f.
862 510 915 539 52.
932 507 982 547 bd

103 605 321 647 Johannes
345 602 429 645 Dei
451 601 589 657 gratia
614 601 710 643 Rex
734 599 918 657 Angliae,
944 598 1157 642 Dominus
1188 598 1442 654 Hyberniae‚
1475 597 1582 639 Dux

44 662 327 705 Normanniae
349 671 391 703 et
414 659 675 716 Aquitaniae,
699 668 741 700 et
768 659 923 701 Comes
957 658 1237 714 Andegaviae‚
1261 656 1455 697 omnibus
1477 656 1583 697 fide-

40 721 156 766 'libus
197 720 295 770 suis,
338 720 392 761 ad
429 734 534 773 quos
575 726 811 773 praesentes
862 716 996 757 literae
1048 716 1331 770 pervenerint,
1384 714 1580 755 salutem.

48 779 200 821 Sciatis
222 778 337 835 quod
369 778 614 819 Bertramus
641 776 763 817 Prior
788 774 1102 822 Dunelnoensis,
1128 773 1182 814 ad
1204 772 1462 828 peticionem
1476 787 1584 813 ‘nos-

45 846 169 887 tram,
192 852 270 892 pro
293 835 541 877 necessitate
566 842 724 883 nostra,
744 832 848 874 fecit
871 831 990 873 nobis
1013 831 1216 873 auxilium
1240 832 1294 872 ad
1318 845 1502 886 praesens
1526 830 1580 872 de

35 897 208 937 -carreio
230 905 354 936 terrae
375 909 463 934 s-uae
479 892 526 933 *in
549 891 738 934 exercitu
762 901 921 941 nostro,
947 906 1071 946 quem
1090 890 1282 930 ducimus
1306 890 1346 929 in
1373 888 1580 930 Scociam.

51 954 109 994 Et
139 955 240 1009 quia
269 953 467 993 nolumus
490 951 604 1007 quod
635 950 677 990 id
701 949 751 999 ei,
778 950 843 990 vel
867 948 1176 990 successoribus
1201 947 1297 997 suis,
1319 956 1506 988 vertatur
1538 946 1581 987 in

46 1011 413 1059 consuetudinem,
439 1009 506 1050 vel
528 1010 581 1050 ab
604 1008 662 1048 eis
685 1007 883 1062 exigatur
905 1016 1105 1062 tanquam
1121 1004 1324 1055 debitum,
1338 1005 1518 1046 fecimus
1542 1004 1581 1046 ei

41 1070 121 1111 has
143 1070 305 1110 litteras
327 1078 488 1110 nostras
510 1076 720 1122 patentes,
745 1066 799 1106 ad
822 1065 1069 1106 salvandum
1092 1079 1216 1118 super
1239 1065 1320 1104 hoc
1343 1064 1581 1104 libertatem

39 1143 177 1169 suam.
243 1127 374 1168 Teste
407 1141 473 1166 me
508 1125 612 1180 ipso,
638 1125 751 1179 apud
777 1124 1055 1172 Dunelmum,
1095 1138 1187 1163 xxx
1224 1123 1292 1163 die
1325 1122 1440 1170 Julii,
1472 1136 1584 1162 anno

45 1185 165 1240 regni
189 1185 319 1225 nostri
344 1184 581 1232 undecimo,
604 1197 744 1223 coram
772 1182 965 1222 Roberto
987 1182 1076 1223 filio
1098 1181 1274 1235 Rogeri,
1301 1182 1354 1224 A.
1376 1179 1584 1221 archidia-

37 1259 155 1286 :cono
178 1244 399 1292 Dunelln.‚
425 1241 626 1296 Philippo
649 1240 702 1281 de
725 1240 899 1283 Ulecot„

160 1520 289 1547 XLIX.
335 1520 392 1546 AD
435 1518 716 1546 AUDIENDUM
756 1519 934 1546 CAUSAM
972 1518 1115 1545 INTER
1150 1518 1361 1545 PRIOREM
1406 1518 1461 1545 ET

163 1578 430 1605 CAPITULUM
454 1577 763 1604 DUNELMENSE
789 1577 1088 1604 EXECUTORES
1112 1577 1319 1604 PHILIPPI
1346 1576 1462 1603 EPIS-

150 1636 261 1663 *COPI
286 1635 432 1663 SUPER
454 1635 592 1662 BONIS
616 1635 785 1663 EISDEM
806 1635 1009 1665 LEGATIS.
1032 1635 1344 1664 INNOCENCIUS
1361 1635 1472 1662 TER-

167 1694 282 1724 CIUS.

610 1772 731 1816 [Cart.
747 1774 822 1807 111.
839 1774 862 1807 f.
881 1776 943 1808 162
959 1775 1011 1818 m

109 1868 386 1910 Innocencius
412 1868 661 1924 EpiscopuS‚
686 1884 830 1910 servus
852 1884 1068 1910 servorum
1094 1868 1193 1918 Dei,
1218 1867 1381 1909 dilectis
1406 1867 1502 1908 filiis
1525 1867 1578 1909 de

45 1927 257 1976 Giroval-l,
281 1927 335 1967 de
360 1928 518 1969 Sancta
542 1927 713 1980 Agatha
741 1927 992 1978 Abbatibus‚
1017 1938 1061 1969 et
1088 1925 1270 1969 officiali
1301 1925 1579 1967 Archidiaco-

47 1994 167 2027 natus
204 1985 525 2026 Richemundiae
557 1985 773 2026 dioceseos
805 1986 985 2027 salutem
1014 1995 1057 2027 et
1079 1984 1355 2040 apostolicam
1377 1984 1577 2025 benedic-

43 2043 226 2086 cionem.
292 2046 378 2085 Sua.
399 2044 521 2084 nobis
538 2043 683 2084 dilecti
701 2044 776 2084 filii
798 2044 919 2084 Prior
935 2053 978 2085 et
1003 2045 1249 2086 Conventus
1276 2043 1577 2084 Dunelmensis

46 2100 354 2157 conquestione
377 2110 679 2151 monstrarunt,
704 2101 820 2157 quod
844 2102 1179 2143 Archidiaconus
1198 2100 1501 2142 Dunelmensis
1533 2109 1578 2141 et

47 2159 218 2214 quidam
233 2159 302 2199 alii
322 2159 619 2201 Dunelmensis
638 2160 856 2200 dioceseos
877 2176 1005 2215 super
1025 2160 1278 2216 quibusdam
1300 2158 1463 2213 legatis,
1481 2175 1577 2214 quae

46 2217 171 2257 bonae
223 2217 442 2258 memoriae
491 2217 710 2272 Philippus
762 2218 1063 2259 Dunelmensis
1112 2217 1336 2272 episcopus
1387 2216 1578 2257 ecclesi-ue

50 2274 330 2316 Dunelmensi
366 2275 536 2330 reliquit
577 2275 618 2315 in
657 2276 805 2316 ultima
841 2276 1074 2326 voluntate,
1118 2276 1370 2330 injuriantur
1401 2274 1575 2316 eisdem.

49 2332 243 2388 Ideoque
280 2332 530 2373 discrecioni
565 2342 717 2373 vestrae
751 2348 826 2387 per
853 2334 1088 2387 apostolica
1122 2332 1279 2386 scripta
1311 2332 1576 2382 mandamus,

47 2399 254 2445 quatenus
284 2390 474 2443 partibus
505 2390 760 2439 convocat-is,
785 2390 966 2431 audiatis
983 2406 1185 2438 causam3
1219 2399 1263 2430 et
1285 2389 1575 2444 appellac'ioue

48 2458 226 2497 remota,
250 2447 333 2487 fine
361 2447 511 2488 debito
536 2448 799 2495 -terminetis3
833 2448 1033 2489 facientes
1055 2449 1170 2504 quod
1193 2448 1468 2489 decreveritis
1501 2463 1575 2503 per

44 2520 269 2546 censuram
291 2504 614 2546 ecclesiasticam
636 2506 810 2545 firmiter
832 2506 1057 2547 observari.
1139 2506 1291 2546 Testes
1314 2514 1471 2555 autem,
1505 2507 1578 2562 qui

46 2563 207 2604 fuerint
245 2562 463 2613 nominati,
502 2562 536 2602 si
565 2578 612 2603 se
649 2564 798 2617 gratia,
836 2563 950 2613 odio,
975 2564 1040 2605 vel
1078 2563 1242 2612 timore,
1268 2564 1572 2614 subtraxerint,

44 2621 172 2661 simili
194 2620 468 2671 discreci0ne‚
492 2630 682 2662 cessante
704 2621 1008 2675 appellacione‚
1033 2621 1192 2676 cogatis
1214 2622 1436 2676 perhibere
1460 2624 1578 2663 testi-

48 2680 239 2719 monium
257 2678 436 2720 veritati.
509 2679 643 2728 Quod
662 2680 700 2720 si
722 2695 808 2719 non
827 2679 1022 2720 omnibus
1041 2680 1117 2720 hiis
1130 2680 1402 2735 exequendis
1427 2690 1577 2734 potue-

49 2736 139 2778 ritis
160 2737 371 2787 inteiesse,
396 2737 482 2779 duo
505 2746 688 2779 vestrum
708 2752 762 2779 ea
785 2737 1082 2779 nichilominus
1105 2748 1385 2794 exequantur.
1461 2739 1578 2780 Data

774 2809 799 2835 E
823 2799 849 2836 2
