1807 2962
192 66 327 114 ClXXX
509 79 650 113 HIST0-
671 80 909 113 DUNELM·
938 81 1245 113 SCRIPTORES
1271 82 1409 114 TRES.

194 188 456 238 Assheborn‚
493 189 535 229 in
571 188 735 243 legibus
762 187 1033 238 bachallario,
1057 196 1099 230 et
1121 189 1294 230 domino
1334 190 1528 231 Roberto
1550 190 1604 232 de
1628 190 1723 232 He·

190 246 461 303 myngburgh
476 247 725 301 presbiterO,
747 246 1097 302 Lychefeldensis
1114 256 1156 288 et
1176 247 1457 289 Eboracensis
1475 248 1718 299 dioceseon,

191 305 370 347 testibus
410 304 465 346 ad
505 305 721 359 praemissa
761 305 922 345 vocatis
963 305 1202 360 specialiter
1243 314 1285 346 et
1315 306 1489 360 rogatis,
1554 307 1610 348 Et
1641 321 1724 361 ego

194 363 385 405 Thomas
409 363 539 405 Clerk
561 363 613 403 de
637 362 782 403 Elvett
798 362 989 412 clericus,
1012 363 1313 404 Dunelmensis
1343 364 1580 414 dioceceos,
1604 379 1726 419 apos-

193 421 321 463 tolica
342 421 595 462 auctoritate
616 420 805 461 notarius
823 420 1013 474 publicus
1031 421 1243 475 premissis
1261 421 1456 463 omnibus
1471 431 1515 463 et
1532 422 1723 477 singulis,

194 480 297 521 dum
320 479 377 520 sic
399 487 445 519 ut
466 478 741 534 premittitur,
766 478 843 519 sub
866 493 990 529 anno,
1008 479 1257 544 indiccione,
1276 480 1540 534 pontificatu,
1563 495 1723 530 mense,

195 538 280 588 die,
305 548 347 579 et
368 537 464 578 loco
485 536 701 591 predictis,
726 551 810 578 una
831 551 926 578 cum
958 537 1260 591 prenominatis
1293 537 1469 579 testibus
1491 539 1726 595 agebantur

195 605 240 637 et
262 596 436 645 fiebant,
462 610 635 650 presens
668 594 947 650 personaliter
969 595 1150 645 interfui,
1174 611 1306 652 eaque
1338 596 1479 638 omnia
1500 605 1543 637 et
1564 596 1729 653 singula

195 654 254 695 sic
271 653 363 694 fie1'1
385 626 469 693 vi’di
492 662 535 694 et
556 653 711 718 audivi,
736 661 777 694 et
799 653 968 694 aliunde
991 663 1221 708 occupatus
1238 669 1314 709 per
1333 654 1460 695 alium
1482 654 1606 696 scribi
1627 654 1725 718 feci,

195 713 403 768 signoque
426 720 469 753 et
489 711 659 752 nomine
681 712 783 752 meis
805 711 938 752 solitis
952 720 993 752 et
1007 713 1217 753 consuetis
1238 712 1397 766 signavi
1420 712 1659 768 requisitus,
1683 712 1729 753 in

198 771 327 812 fidem
350 778 393 812 et
415 768 702 812 testimonium
726 769 915 811 omnium
938 778 981 811 et
995 769 1254 825 singulorum
1277 770 1592 826 premissorum.

321 1044 425 1072 CLx.
458 1043 731 1071 INDENTURA
764 1044 906 1071 FACTA
930 1045 1072 1071 INTER
1094 1045 1307 1073 PRIOREM
1332 1046 1387 1072 ET
1412 1045 1616 1073 CONVEN-

318 1102 417 1129 TUM
469 1102 525 1128 ET
567 1103 827 1130 JOHANNEM
870 1102 1122 1131 MYDYLTON
1166 1104 1510 1131 CEMENTARIUM
1554 1104 1612 1131 DE

321 1159 705 1189 CONSTRUCCIONE
730 1160 1029 1192 DORMITORII,

787 1255 891 1300 [neg.
910 1255 962 1288 11.
979 1255 1002 1288 f.
1020 1257 1096 1288 215.
1111 1256 1162 1296 a]

262 1347 376 1390 Haec
400 1348 649 1398 Indentma,
666 1348 780 1390 facta
801 1350 912 1391 inter
925 1350 951 1391 J
954 1350 1167 1391 ohannem
1188 1349 1379 1392 Priorem
1397 1349 1589 1392 ecclesiae
1609 1350 1732 1391 Dun—

206 1408 402 1449 elmensis
424 1415 467 1448 et
490 1407 681 1462 ejusdem
704 1407 784 1448 loci
811 1408 1081 1449 Conventum
1104 1423 1158 1450 ex
1179 1417 1299 1463 parte
1313 1423 1409 1458 una,
1430 1417 1471 1449 et
1489 1408 1732 1450 Johannem

204 1467 258 1507 de
285 1466 528 1507 Middelton
551 1466 853 1506 cementarium
878 1481 933 1507 ex
954 1475 1075 1521 parte
1097 1466 1243 1516 altera,
1267 1475 1461 1517 testatur,
1486 1466 1601 1522 quod
1626 1480 1736 1521 prae-

205 1524 341 1566 dietus
362 1524 579 1565 Johannes
600 1523 883 1564 cementarius
905 1524 1110 1579 promisit,
1134 1533 1178 1565 et
1199 1525 1458 1579 manucepit,
1483 1539 1532 1565 ac
1554 1540 1597 1565 se
1629 1524 1734 1565 obli·

208 1583 338 1637 gavit,
362 1582 415 1623 ad
435 1582 717 1622 edificandum
733 1590 776 1622 et
798 1582 852 1622 de
868 1597 980 1624 novo
995 1583 1326 1624 construendum
1348 1598 1490 1623 muros
1514 1582 1733 1623 Dormito-

205 1640 255 1681 rii
273 1640 382 1681 infra
406 1640 635 1681 Abbatiam
659 1639 991 1682 Dunelmensem
1013 1640 1171 1690 situati,
1192 1641 1321 1681 modo
1343 1649 1386 1681 et
1407 1641 1543 1682 forma
1564 1640 1739 1681 inferius-

209 1697 476 1753 expressatis,
553 1698 601 1738 In
623 1698 782 1753 primis,
807 1699 918 1739 idem
942 1699 1223 1740 cementarius
1245 1698 1328 1739 suis
1346 1698 1582 1753 sumptibus
1600 1707 1643 1739 et
1661 1713 1737 1739 ex-
1795 1712 1797 1715 ’

209 1756 348 1811 pensis
381 1757 473 1797 fieri
509 1755 638 1796 faciet
671 1756 724 1797 de
756 1771 867 1797 novo
890 1772 1018 1797 unum
1057 1771 1237 1807 murum,
1263 1772 1317 1798 ex
1344 1766 1461 1811 parte
1482 1756 1737 1800 occidentali

211 1814 401 1868 ejusdem
443 1813 711 1862 Dormitorii,
734 1814 805 1870 qui
841 1814 1012 1869 quidem
1048 1830 1191 1855 murus
1229 1830 1273 1855 se
1302 1814 1499 1856 extendit
1536 1815 1577 1855 in
1602 1814 1737 1868 longi-

213 1872 362 1913 tudine
406 1886 431 1911 a
466 1871 732 1912 Monasterio
766 1872 1049 1912 Dunelmensi
1091 1887 1224 1928 usque
1261 1873 1315 1913 ad
1351 1873 1475 1913 finem
1510 1872 1738 1913 australem

214 1929 405 1984 ejusdem
429 1928 695 1978 Dormitorii,
716 1937 757 1969 et
778 1930 820 1968 in
838 1930 1060 1970 altitudine
1083 1929 1304 1984 sexaginta
1320 1931 1502 1984 pedum·
1492 1962 1502 1979 ,
1538 1945 1621 1970 una
1641 1945 1739 1971 cum

212 1985 554 2036 bretissementiS,
578 1985 608 2027 si
647 2001 817 2027 necesse
846 1986 988 2051 fuerit,
1013 1988 1244 2028 secundum
1267 1987 1561 2028 voluntatem
1553 2002 1739 2043 ipsorum

215 2044 374 2087 Prioris
404 2052 447 2085 et
471 2044 746 2085 Conventus·
737 2075 747 2092 ,
779 2052 822 2084 et
854 2044 932 2085 erit
964 2045 1149 2086 exterius
1181 2045 1235 2086 de
1266 2060 1375 2100 puro
1406 2045 1561 2101 lapide,
1586 2055 1739 2087 vocato

215 2102 387 2152 achiler,
415 2102 539 2157 plane
577 2101 761 2152 inscisso,
786 2101 958 2143 interius
995 2118 1095 2149 vero
1132 2103 1185 2144 de
1221 2103 1358 2145 fracto
1396 2104 1548 2158 lapide,
1584 2114 1739 2144 vocato

214 2147 434 2216 roghwall,
468 2168 511 2201 et
544 2159 597 2200 de
634 2160 747 2201 bono
784 2160 898 2201 calce
934 2161 1043 2203 bene
1070 2169 1113 2202 et
1134 2161 1387 2203 sufficientel
1418 2161 1555 2202 mixto
1576 2171 1740 2203 cemate

214 2218 486 2274 compositus.
550 2217 644 2259 Elit
673 2218 804 2259 eciam
837 2219 985 2273 planus
1022 2235 1164 2261 munus
1192 2228 1233 2261 et
1256 2219 1296 2260 in
1327 2219 1604 2260 fundamento
1636 2220 1741 2274 spis-

215 2276 407 2319 situdinis
430 2292 516 2317 swe
538 2276 773 2317 latitudinis
796 2277 973 2318 duarum
1004 2278 1210 2328 ulnarum,
1234 2293 1331 2319 cum
1353 2286 1535 2333 quatuor
1555 2278 1677 2318 bonis
1699 2285 1741 2318 et

216 2336 370 2378 securis
407 2334 715 2384 scarcementis,
749 2335 815 2376 vel
851 2335 1038 2389 pluribus
1074 2336 1107 2376 si
1145 2345 1341 2390 oporteat
1377 2336 1482 2385 fieri,
1506 2336 1741 2376 secundum

216 2395 397 2436 formam
439 2393 659 2448 cujusdam
695 2393 947 2447 exemplaris
983 2395 1266 2449 praescntibus
1300 2393 1532 2435 indenturis
1568 2392 1740 2434 annexi.

223 2453 361 2492 Erunt
397 2451 524 2492 etiam
553 2450 594 2491 in
617 2451 768 2492 eodem
791 2466 913 2492 muro
935 2461 1117 2508 quatuor
1138 2452 1259 2503 ostia,
1283 2452 1350 2494 vel
1372 2452 1494 2506 plura
1514 2450 1546 2491 si
1568 2466 1744 2492 necesse

216 2510 358 2558 fuerit,
380 2510 495 2550 bona
530 2518 572 2550 et
604 2509 917 2560 conveniencia‚
951 2519 994 2551 et
1025 2511 1079 2551 de
1116 2511 1231 2552 bono
1252 2518 1293 2551 et
1315 2509 1575 2564 competenti
1597 2523 1741 2564 opere,

216 2584 296 2623 pro
326 2566 565 2608 introitibus
586 2576 628 2608 et
664 2567 846 2608 exitibus
883 2568 1130 2623 oportunis;
1161 2583 1257 2609 cum
1279 2584 1366 2609 uno
1387 2568 1503 2609 bono
1523 2568 1666 2609 botras
1698 2574 1743 2608 et

218 2625 482 2667 substantiali
519 2625 628 2667 inter
663 2625 793 2666 finem
827 2626 928 2667 dicti
964 2626 1074 2667 muri
1112 2635 1154 2667 et
1190 2627 1228 2668 16
1261 2624 1539 2680 sowthgavill.
1604 2625 1742 2666 Erunt

217 2699 349 2724 eciam
372 2684 449 2724 sub
472 2684 586 2724 volta
606 2683 793 2738 ejusdem
817 2684 967 2725 domus
989 2684 1031 2724 111
1055 2699 1175 2725 muro
1192 2684 1400 2739 praedicto
1424 2698 1575 2724 novem
1607 2682 1746 2724 fenes-

220 2750 297 2782 trae
320 2741 523 2797 lapideae3
561 2742 614 2784 dc
636 2741 788 2798 quibus
809 2741 993 2799 quinque
1016 2750 1137 2784 crunt
1160 2743 1386 2799 sculptura:
1404 2749 1447 2784 et
1462 2740 1745 2783 similitudinis-
