1807 2962
475 87 753 120 APPENDIX.
776 87 898 119 ANN.
927 87 1227 122 MchxxxV.
1505 79 1613 134 xciii

205 315 347 344 Lxxu.
400 314 661 344 DELEGACIO
710 316 768 343 AD
812 315 1152 348 INQUIRENDUM
1194 317 1252 345 DE
1296 318 1500 347 CONTRo·

206 373 365 400 VERSIA
398 373 524 401 MOTA
558 373 701 400 INTER
724 374 1135 402 ARCHIEPISCOPUM
1159 376 1498 404 EBORACENSEM

207 432 263 458 ET
296 431 566 458 CAPITULUM
594 431 946 459 DUNELMENSEM
970 433 1115 460 SUPER
1139 434 1498 463 JURISDICCIONE

205 489 474 517 EPISCOPALI
497 489 609 515 SEDE
634 489 845 516 EJUSDEM
868 490 1078 518 CAPITULI
1101 491 1322 522 VACANTE.

675 566 787 607 [Cart.
805 567 879 600 111.
905 566 929 599 f.
948 568 1037 611 ιω]

148 643 372 685 Honorius
413 642 662 699 Episcopus,
694 658 839 684 servus
870 658 1089 685 servorum
1122 644 1223 695 Dei,
1257 645 1421 688 dilectis
1443 647 1539 688 filiis
1560 647 1615 689 de

91 702 297 743 Fontibus
335 701 640 752 Cisterciensis,
676 710 720 742 et
755 701 810 742 de
847 701 961 742 Alba
996 702 1160 753 Landa,
1193 703 1613 756 Premonstratensis,

88 759 443 801 monasteriorum
460 759 700 809 abbatibus,
721 759 1000 800 Eboracensis
1014 769 1056 801 et
1068 761 1366 803 Dunelmensis
1381 763 1613 814 dioceseos,

88 833 137 858 ac
165 817 299 858 Priori
323 817 563 872 provintiali
585 817 920 858 Prae'dicatorum
947 817 1143 859 Fratrum
1165 820 1361 861 ordinum
1383 820 1423 861 in
1443 822 1613 875 Anglia,

87 876 266 916 salutem
297 885 342 916 et
373 875 647 929 apostolicam
684 874 1043 920 benediccionem.
1111 877 1199 918 Sua
1220 878 1342 919 nobis
1363 880 1617 920 venerabilis

88 935 218 974 frater
239 942 380 989 noster
400 933 441 974 J.
468 932 825 989 Archiepiscopus
848 933 1139 984 Eboracensis,
1160 936 1328 990 Angliae
1351 938 1520 991 primaS‚
1545 952 1617 992 pe-

89 990 246 1032 ticione
268 992 531 1041 monstravit,
554 991 683 1047 quod,
700 1006 797 1031 cum
814 991 868 1032 ad
891 992 1269 1047 Archiepiscopum
1287 995 1614 1047 Eboracensem,

87 1049 159 1104 qui
181 1058 245 1090 est
267 1064 342 1103 pro
365 1057 571 1104 tempore,
597 1048 839 1103 jurisdictio
863 1049 1126 1105 Episcopalis
1165 1051 1287 1093 Sedis
1311 1052 1615 1095 Dunelmensis

87 1107 227 1147 eidem
266 1107 600 1161 Archiepiscopo
636 1106 949 1161 metropolitico
978 1108 1076 1162 jure
1098 1109 1317 1163 subjectae,
1351 1125 1446 1152 cum
1469 1111 1617 1152 sedem

87 1166 219 1219 ipsam
238 1179 388 1205 vacare
405 1165 628 1218 contingit,
648 1164 702 1205 de
719 1164 894 1220 antiqua
910 1173 953 1206 et
970 1167 1207 1221 approbata
1223 1176 1267 1208 et
1283 1168 1488 1210 hactenus
1502 1169 1617 1224 paci-

86 1224 168 1263 fica
189 1222 497 1263 consuetudine
519 1224 734 1277 pertinere
752 1231 965 1273 noscatur,
992 1223 1115 1264 Prior
1146 1234 1188 1266 et
1211 1225 1457 1280 Capitulum
1480 1227 1616 1268 ecele—

86 1281 160 1321 siae
192 1279 510 1330 Dunelmensis,
546 1289 647 1321 tunc
677 1280 778 1321 sede
809 1280 1017 1335 praedicta
1038 1291 1228 1332 vacante,
1250 1283 1360 1325 falso
1383 1296 1616 1326 asserentes

88 1338 205 1395 quod
236 1338 364 1379 bonae
401 1337 619 1378 memoriae
647 1337 898 1380 Guillelmus
938 1339 1218 1381 Eboracensis
1243 1341 1613 1398 ArchiepiscopuS,

85 1396 375 1452 praedecessor
406 1395 534 1450 ipsius
555 1395 764 1437 Johannis
787 1396 1124 1452 Archiepiscopi,
1141 1397 1486 1452 jurisdiccionem
1508 1415 1618 1455 prae-

87 1454 259 1503 dictam,
279 1468 375 1510 quae
392 1454 446 1494 ad
461 1454 633 1495 eosdem
655 1454 845 1494 Priorem
862 1462 904 1494 et
924 1454 1184 1509 Capitulum,
1205 1464 1251 1497 ut
1268 1456 1479 1509 dicebant,
1503 1459 1615 1501 Sede

88 1521 264 1554 vacante
287 1527 384 1568 quae
421 1521 522 1553 tuuc
543 1512 734 1562 vacabat,
759 1513 1057 1553 tantummodo
1083 1513 1333 1567 pertinebat,
1358 1515 1435 1556 sibi
1465 1525 1617 1559 contra

81 1570 300 1625 justiciam
331 1577 527 1623 satagens
560 1584 776 1624 usurpare,
807 1569 1042 1611 Officialem
1064 1586 1211 1612 eorum
1233 1574 1458 1628 quominus
1487 1575 1616 1629 juris-

87 1628 325 1669 diccionem
361 1627 550 1668 eandem
574 1627 720 1677 libere,
744 1636 873 1682 prout
904 1629 1157 1682 pertinebat,
1182 1629 1237 1670 ad
1268 1631 1380 1685 ipsos
1403 1632 1615 1686 pertinere

87 1694 242 1740 posset,
278 1685 486 1740 impedire
519 1684 709 1726 indebite
740 1686 1029 1740 presumebat,
1059 1686 1098 1727 in
1133 1688 1366 1729 eorundem
1392 1690 1549 1731 Prioris
1572 1699 1616 1732 et

91 1742 291 1798 Capituli,
327 1751 373 1783 ut
401 1742 612 1793 dicebant,
635 1742 916 1798 prejudicium
951 1754 995 1784 et
1016 1759 1269 1798 gravamen3
1301 1762 1428 1801 super
1448 1747 1529 1789 hoc
1560 1749 1616 1790 ad

92 1801 374 1842 venerabilem
389 1801 562 1841 fratrem
579 1810 769 1842 nostrum
786 1801 1049 1856 Episcopum
1068 1803 1404 1845 Dunelmensem
1422 1820 1470 1846 ac
1485 1806 1617 1848 dilec-

89 1869 155 1900 tos
191 1859 299 1899 filios
336 1859 390 1899 de
431 1858 686 1900 Halnewike
723 1866 766 1899 et
799 1858 853 1899 de
889 1860 1046 1900 Sancta
1072 1861 1242 1914 Agatha
1264 1863 1616 1906 monasteriorum

91 1918 299 1967 Abbates,
329 1915 757 1958 Premonastratensis
780 1916 953 1966 ordinis,
983 1917 1264 1960 Eboracensis
1282 1928 1324 1960 et
1346 1921 1618 1963 Dunelmen·

88 1976 146 2016 sis
168 1974 400 2024 dioceseos,
426 1975 503 2015 sub
525 1990 577 2015 ea
596 1974 734 2015 forma
753 1974 916 2016 litteras
955 1975 1227 2030 Apostolicas
1249 1977 1545 2032 impetrarunt,
1570 1990 1616 2022 ut

88 2033 249 2074 vocatis
278 2032 349 2088 qui
378 2032 555 2073 vocandi
581 2040 736 2082 essent,
761 2041 803 2073 et
824 2031 980 2074 auditis
1001 2033 1097 2074 hinc
1122 2035 1163 2087 [Ρ
1179 2042 1217 2076 et
1236 2037 1347 2085 inde]
1370 2037 1615 2092 propositis,

88 2090 204 2147 quod
237 2089 488 2131 canonicum
519 2098 646 2140 esset,
670 2090 959 2145 appellacione
996 2101 1172 2142 remota,
1212 2101 1395 2135 statuere
1416 2111 1618 2150 procura-

88 2158 197 2198 rent,
227 2158 266 2189 et
291 2148 480 2189 facerent
501 2148 617 2203 quod
648 2149 927 2189 decernerent
948 2149 1201 2191 auctoritate
1233 2153 1466 2205 apostoliea
1487 2154 1619 2195 firmi-

89 2216 153 2247 ter
186 2206 428 2254 observari3
461 2206 704 2262 hujusmodi
737 2206 923 2247 clausula
959 2206 1106 2248 litteris
1128 2208 1227 2262 ipsis
1250 2209 1457 2263 apposita,
1483 2220 1543 2261 ut,
1582 2212 1616 2252 si

89 2279 236 2304 omnes
269 2263 347 2304 hiis
379 2263 643 2319 exequendis
678 2263 880 2304 interesse
913 2278 999 2304 non
1034 2273 1217 2318 possent,
1242 2265 1354 2307 idem
1378 2267 1614 2324 Episcopus

90 2337 186 2362 cum
209 2336 356 2361 eorum
378 2321 513 2361 altero
535 2336 585 2361 ea
603 2320 896 2362 nichilominus
918 2321 1070 2376 exequi
1092 2332 1352 2376 procuraret,
1376 2339 1476 2366 sane
1499 2327 1615 2369 dicto

93 2378 308 2434 Episcopo
331 2378 468 2418 donec
490 2378 544 2419 ad
566 2393 610 2419 se
628 2386 861 2427 revocaret,
879 2378 1058 2432 praefato
1073 2394 1172 2420 vero
1190 2380 1360 2421 Abbate
1379 2382 1432 2423 de
1449 2383 1615 2426 Halne-

91 2436 224 2477 wicke
266 2435 457 2476 totaliter
506 2435 644 2476 Priori
690 2436 744 2476 de
788 2435 1003 2476 Driburch
1046 2436 1233 2477 saeristae
1274 2441 1519 2482 monasterii
1561 2443 1614 2485 de

96 2494 303 2544 Kirkeon,
342 2502 386 2534 et
419 2493 627 2547 magistris
666 2493 860 2534 Roberto
892 2493 944 2533 de
970 2493 1153 2549 Merlay‚
1190 2494 1531 2550 Dumblanensis,
1564 2515 1613 2542 ac

94 2552 311 2594 Baldredo
333 2552 463 2600 Biset,
491 2550 784 2600 Cathanensi5‚
808 2550 1079 2591 ecclesiarum
1111 2553 1322 2593 canonicis
1344 2556 1614 2600 committen-

92 2611 204 2651 tibus
243 2610 351 2651 vices
388 2624 497 2659 suas,
522 2608 624 2649 dicti
652 2608 772 2649 Prior
804 2617 846 2649 et
872 2609 1117 2663 Capitulum
1139 2610 1392 2664 praedictum
1420 2613 1616 2658 Guilliel-

91 2683 206 2708 mum
246 2667 621 2722 Archiepiscopum
659 2666 797 2708 adhuc
835 2667 1046 2707 viventem
1076 2682 1217 2708 coram
1241 2669 1398 2711 eisdem
1421 2673 1616 2716 subdele-

90 2726 213 2785 gatiS,
238 2726 353 2767 dicto
388 2726 559 2767 Abbate
596 2724 650 2766 de
675 2726 830 2767 Sancta
865 2726 1033 2779 Agatha
1054 2726 1287 2782 cognitioni
1310 2742 1448 2770 causac
1470 2731 1614 2787 hujus-
