1807 2962
467 115 732 148 ROBERTUS
763 116 826 148 DE
853 114 1197 147 GRAYSTANES.
1531 107 1594 155 99

69 222 363 273 Eboracensis,
406 238 483 278 per
524 233 706 264 mortem
735 223 810 264 W.
853 223 906 263 de
931 222 1155 271 Grenfeld,
1197 221 1345 262 habuit
1368 221 1591 264 consilium

69 280 350 321 transferendi
392 296 437 321 se
468 282 523 322 ad
555 281 729 322 curiam.
810 280 906 322 Fuit
928 280 1042 321 enim
1069 279 1185 334 Papa
1217 279 1271 319 de
1294 294 1406 319 novo
1428 289 1595 321 creatus

66 338 281 380 Johannes
305 338 525 380 vicesimus
543 339 765 388 secundus,
791 335 834 380 et
851 338 1118 387 credebatur,
1134 337 1264 393 quod,
1289 351 1372 377 non
1395 337 1601 378 obstanti-

65 396 145 437 bus
171 395 300 450 Regis
332 396 543 451 precibUS,
573 396 689 452 apud
720 411 816 437 eum
839 396 1027 436 favorem
1050 399 1114 446 [et
1135 394 1337 448 gratiam]
1374 394 1598 436 inveniret.

70 453 170 503 Sed,
193 454 292 509 quia
323 469 408 494 non
442 455 583 509 potuit
616 453 695 494 nisi
717 468 771 495 ex
804 453 995 509 legitima
1016 465 1143 495 causa
1164 452 1300 493 sorum
1326 452 1598 493 Eboracense

67 511 291 562 (1661111616,
322 520 366 553 61
387 512 444 552 ad
478 511 635 553 curiam
667 527 711 552 se
741 511 981 559 transfeire,
1007 511 1250 551 oldinatmn
1289 519 1381 550 erat
1414 514 1499 563 [et]
1524 525 1599 565 pel

68 569 305 615 consilium,
344 570 460 625 quod
502 570 697 610 566611105
719 569 906 624 quidam,
947 569 1094 609 Rober
1099 576 1163 608 tus
1203 568 1374 622 Laykel
1411 568 1596 618 nomine,

68 626 269 667 01iundus
302 627 356 668 de
391 626 584 677 Nessam,
608 638 757 668 contra
779 626 961 667 electum
985 636 1028 667 et
1051 625 1302 690 electionem
1327 626 1595 680 [appellaret‚

69 692 112 725 et
129 698 182 725 ne
204 699 354 725 munus
388 685 727 725 confirmacionis
753 684 817 725 vel
840 684 1165 725 consecrationis
1187 682 1225 724 ei
1248 682 1591 737 impenderetur]

67 750 331 796 provocaret.
393 743 494 790 Quo
527 742 639 783 facto
661 742 819 783 electus
841 757 937 782 cum
961 741 1092 782 tribus
1117 741 1238 782 sociis
1260 741 1314 781 ad
1351 742 1509 781 curiam
1533 752 1597 782 651

67 799 299 854 profectus,
365 800 450 842 Sed
468 809 695 855 antequam
715 800 891 850 veniret,
917 800 971 840 ad
988 809 1183 853 rogatum
1209 800 1377 852 Regum
1395 807 1439 839 et
1466 799 1597 853 Regi-

66 872 217 898 narum
258 858 449 899 Franciae
483 866 526 898 et
564 858 748 912 Angliae‚
787 858 964 898 dederat
998 857 1115 912 Papa
1137 857 1426 911 episcopatum
1450 857 1598 898 Ludo-

67 914 172 955 wico
194 915 248 956 de
289 915 410 956 Bello
434 915 603 959 Monte.
670 915 874 970 Imposita
895 924 1036 956 tamen
1075 916 1114 956 ei
1148 915 1226 955 fuit
1261 923 1379 955 tanta
1414 915 1596 969 pecunia

67 973 270 1014 solvenda
291 973 433 1024 curiae,
468 974 584 1029 quod
626 988 700 1028 per
722 974 1043 1029 quatuordecim
1076 988 1212 1014 annos
1241 983 1464 1028 sequentes
1486 972 1598 1013 solu-

67 1029 227 1072 tionem
261 1032 333 1072 vix
369 1031 612 1086 complevit.
677 1032 964 1083 [Praesentato
998 1031 1135 1072 electo
1175 1031 1318 1085 Papae,
1358 1039 1401 1071 et
1438 1030 1597 1071 dicenti

65 1102 281 1144 nunquam
322 1088 401 1130 sibi
442 1089 704 1144 displicuisse
745 1089 861 1146 quod
901 1104 978 1143 plo
1015 1089 1258 1144 episcopatu
1300 1088 1487 1142 plovidit
1543 1088 1596 1129 de

66 1146 216 1196 altero,
236 1147 334 1202 quia
352 1162 518 1202 semper
532 1163 575 1188 se.
591 1147 727 1188 minus
744 1147 1019 1188 sufficientem
1038 1146 1252 1202 leputavit
1273 1160 1351 1200 pro
1374 1145 1445 1187 tali
1468 1153 1595 1195 statu,

65 1205 283 1258 respondit
311 1205 478 1259 Ρ6ρ6,ς
485 1205 604 1254 Fili,
644 1220 727 1245 non
749 1205 895 1246 credas
927 1205 1042 1260 quod
1073 1204 1174 1245 odio
1197 1219 1388 1268 personae
1420 1212 1507 1244 tuae
1530 1204 1597 1244 vel

66 1261 239 1303 defectu
261 1263 314 1303 de
335 1262 419 1303 alio
440 1263 715 1317 providimus,
740 1263 813 1304 sed
847 1263 903 1303 ad
933 1277 1130 1316 magnam
1153 1261 1403 1302 instanciam
1429 1262 1598 1317 Regum

67 1327 110 1360 et
129 1320 431 1374 Reginarum,''
453 1321 716 1376 addiditque,
745 1327 773 1346 ‘⁴
790 1320 935 1361 Facias
953 1329 994 1361 te
1010 1321 1192 1361 amicum
1220 1319 1328 1374 Regi
1351 1328 1438 1368 tuo,
1464 1328 1507 1359 et
1530 1334 1599 1359 or-

67 1376 304 1418 dinabimus
326 1393 404 1432 pro
423 1379 505 1419 te.’'
568 1379 625 1419 Et
639 1378 758 1428 611115,
784 1385 811 1405 “
831 1379 959 1419 Ρ6161·
980 1386 1135 1428 sancte,
1160 1378 1201 1417 in
1224 1377 1342 1418 nullo
1363 1376 1506 1417 recolo
1527 1391 1599 1418 me

71 1434 234 1489 Regem
268 1436 533 1480 offendisse.'’
600 1436 657 1477 Et
681 1437 812 1490 Papa,
852 1443 879 1462 ‘⁶
900 1435 1002 1476 Non
1034 1436 1091 1477 ita
1124 1434 1358 1489 scripsisset
1380 1443 1530 1475 contra
1552 1444 1601 1475 ter

67 1494 148 1533 nisi
169 1493 455 1534 offendisses.''
521 1493 715 1535 Contulit
731 1496 768 1535 ei
792 1504 881 1535 tum
904 1493 1042 1548 Papa]
1071 1493 1249 1548 primam
1273 1502 1518 1533 vacaturam
1541 1493 1597 1533 ad

67 1550 339 1592 collationem
363 1551 522 1593 Prioris
544 1560 587 1592 et
609 1551 782 1605 capitu-li
797 1560 1073 1606 spectantem,
1090 1550 1255 1592 etiamsi
1276 1565 1353 1604 per
1375 1550 1597 1591 saeculares

65 1608 155 1662 regi
177 1618 472 1650 consueverat.
535 1610 621 1650 Sed
655 1609 744 1664 ipse
781 1625 835 1650 ex
867 1610 947 1650 1516
967 1609 1104 1663 gratia
1134 1608 1264 1649 nichil
1285 1616 1348 1648 est
1370 1616 1599 1649 assecutus.

73 1666 142 1706 Sic
160 1681 277 1721 ergo,
300 1667 441 1707 multis
459 1667 599 1707 effusis
622 1668 664 1707 in
686 1667 836 1708 itinere
859 1676 901 1707 et
917 1668 1045 1715 curia,
1069 1666 1196 1707 rediit
1217 1680 1372 1706 vacuus
1390 1681 1401 1714 3
1425 1675 1468 1706 et
1483 1666 1599 1720 apud

68 1724 217 1764 cellam
236 1725 289 1765 de
313 1725 512 1765 Stanford
535 1740 666 1780 usque
687 1725 741 1765 ad
764 1740 885 1765 suum
908 1725 1072 1765 obitum
1094 1734 1157 1764 est
1179 1732 1378 1764 moratus.
1413 1723 1602 1774 [Tantae

66 1782 295 1836 pacienciae
311 1782 392 1822 fuit
408 1782 567 1823 electus
590 1783 668 1824 iste
691 1791 733 1823 et
755 1781 1030 1830 fortitudinis,
1047 1782 1162 1837 q-uod
1182 1795 1395 1836 nunquam
1419 1781 1597 1821 verbum

65 1839 290 1880 murmuris
309 1840 374 1880 vel
389 1839 663 1894 displicentiae
681 1840 734 1880 de
753 1840 847 1889 1106,
867 1840 981 1895 quod
1002 1839 1120 1894 Papa
1136 1839 1189 1879 de
1205 1838 1289 1879 6110
1312 1837 1510 1893 providit,
1536 1847 1599 1879 651

67 1897 257 1938 auditum
287 1898 340 1938 de
354 1912 427 1938 me
450 1898 553 1951 ejus,
615 1898 837 1939 Jocundus
855 1907 898 1938 et
918 1897 1059 1937 hilaris
1091 1896 1132 1936 in
1158 1911 1314 1945 mensa,
1340 1896 1394 1936 de
1417 1895 1598 1949 simplici

65 1954 297 1996 refectione
328 1955 507 1995 fratrum
543 1955 659 2010 apud
688 1964 880 1996 sanctum
908 1954 1183 1995 Leonardum
1214 1954 1273 1994 ita
1293 1963 1520 1994 contentus
1553 1962 1599 1993 et‘

66 2011 280 2062 societate,
313 2027 361 2052 ac
373 2012 412 2052 51
443 2012 751 2067 episcopalibus
773 2012 906 2067 epulis
928 2021 971 2053 et
991 2012 1150 2053 familia
1173 2012 1392 2065 potiretur.
1398 2014 1413 2062 ]
1479 2009 1600 2050 Mor-

66 2076 162 2110 tuus
176 2078 241 2110 est
257 2077 398 2111 autem
420 2070 459 2110 in
474 2070 584 2111 festo
604 2070 737 2111 sancti
760 2069 972 2124 Gregorii,
989 2084 1102 2110 anno
1124 2082 1324 2118 MCCCXX,
1347 2078 1391 2109 et
1407 2068 1596 2122 sepultus

67 2135 131 2167 est
159 2127 201 2167 in
237 2127 369 2168 choro
406 2128 540 2169 sancti
564 2128 779 2169 Leonardi
801 2143 944 2169 coram
975 2142 1132 2180 magno
1154 2126 1290 2167 altari.
1354 2126 1457 2166 Post
1479 2126 1598 2180 cujus

67 2184 230 2225 obitum
251 2184 341 2225 visa
361 2195 424 2226 est
445 2185 519 2225 lux
541 2185 692 2226 emissa
705 2185 918 2236 coelitus,
908 2200 950 2225 111
965 2185 1136 2225 modum
1161 2183 1306 2225 solaris
1327 2183 1448 2232 radii,
1473 2198 1600 2237 super

67 2242 325 2296 sepulturam
349 2244 436 2307 ejus
461 2243 533 2298 [de
553 2253 678 2283 nocte
701 2243 972 2292 descendere,
991 2251 1034 2283 et
1051 2242 1104 2283 de
1125 2241 1196 2282 illo
1213 2242 1309 2282 1060
1326 2241 1382 2282 ad
1401 2241 1483 2281 alia
1504 2241 1599 2280 loca

68 2300 256 2340 ecclesiae
301 2300 421 2354 quasi
465 2310 783 2342 transcurrere·
773 2331 784 2349 ,
818 2302 859 2340 in
897 2302 1064 2354 signum
1097 2298 1290 2339 salutaris
1327 2296 1512 2351 exempli
1554 2306 1599 2337 61

68 2356 213 2396 auxilii
236 2371 311 2410 per
332 2357 467 2411 ipsum
489 2358 530 2397 in
551 2358 653 2398 61105
676 2358 1011 2400 tlansfundendi.
1093 2356 1306 2397 Viderunt
1327 2356 1409 2395 hoc
1439 2354 1596 2408 plures,

69 2422 113 2453 et
134 2414 395 2463 innocentes,
419 2415 494 2455 sed
517 2415 675 2455 visione
697 2424 759 2455 161
763 2415 831 2455 riti
853 2415 896 2455 in
918 2424 1075 2455 teriam
1103 2421 1368 2455 coricum-,unt
1376 2415 1391 2462 ]
1458 2410 1595 2452 Natus

69 2470 173 2510 fuit
164 2479 242 2514 lste
257 2470 299 2510 in
315 2471 383 2511 die
399 2472 532 2512 sancti
558 2472 786 2521 Leonardi,
810 2481 853 2512 et
871 2472 913 2512 111
929 2471 997 2512 (116
1012 2471 1101 2525 ejus
1117 2471 1288 2519 electus,
1305 2469 1403 2510 etin
1417 2468 1598 2509 eeclesia

70 2528 202 2568 sancti
221 2527 434 2568 Leonardi
449 2529 649 2582 sepultus,
672 2535 749 2583 [et,
769 2529 982 2583 adjutorio
998 2528 1131 2568 sancti
1145 2526 1378 2577 Leonardi,
1396 2526 1436 2566 in
1454 2526 1598 2568 666165-

71 2584 197 2636 tibus,
218 2593 264 2626 ut
286 2585 566 2627 verisimiliter
582 2587 782 2636 creditur,
805 2586 1066 2634 coronatus]

791 2755 874 2791 02
