1807 2962
135 137 174 182 01
450 153 584 185 1115Τ.
613 154 847 187 DUNELM.
877 154 1182 187 scmrTonEs
1210 155 1350 189 Titias.

135 258 254 308 item,
288 259 520 303 instaturum
553 262 669 318 quod
699 262 879 304 habuit
869 278 910 303 in
938 262 1147 312 Weiclale,
1167 262 1281 317 quod
1299 262 1491 305 ducentis
1515 263 1662 305 mamis

136 317 314 371 amplius
351 328 451 360 tunc
493 320 676 364 valebat.
755 321 824 362 De
861 336 945 376 qua
985 319 1259 376 permissione
1300 331 1577 363 executorum
1619 333 1664 363 et

138 375 321 417 duorum
358 377 657 419 arbitratorum
694 378 747 419 ab
782 379 1079 419 executmibus
1117 377 1361 428 electorum,
1397 380 1497 420 dum
1522 389 1664 420 tamen

136 433 253 488 quod
287 435 564 488 promiserant
600 450 728 490 opere
760 436 1052 490 adimplerent,
1086 444 1209 476 erant
1242 446 1284 477 et
1315 436 1386 477 alii
1408 437 1495 478 duo
1516 437 1664 478 arbitri

140 501 183 532 et
223 491 345 532 Prior
380 503 423 534 et
459 492 702 548 Capitulum
735 492 986 535 contentati.
1056 492 1165 539 Quae
1199 493 1342 535 omnia
1368 494 1548 548 pleniter
1568 504 1666 536 sunt

137 549 368 603 persoluta.
440 550 629 605 Optenta
654 560 796 592 autem
819 551 1004 607 eligendi
1025 550 1213 600 licencia,
1237 566 1314 605 pro
1336 567 1419 607 qua
1441 552 1552 592 missi
1572 551 1666 592 fue«

139 615 237 647 rant
272 607 375 648 dicti
409 608 574 658 fratres,
612 623 660 650 ac
686 608 935 649 adveniente
958 608 1026 649 die
1047 622 1127 662 pro
1149 608 1357 650 electione
1378 609 1507 651 futuri
1524 610 1667 663 ponti-

138 664 229 705 ficis
265 675 439 716 statuto,
474 666 632 707 scilicet
665 666 771 707 feria
799 676 950 721 quarta
985 675 1079 720 post
1101 665 1253 706 festum
1278 667 1413 707 sancti
1436 666 1667 721 Augustini

141 723 380 776 Anglorum
414 724 609 778 apostoli,
643 723 725 765 hoc
759 734 821 765 est
854 727 927 775 29Ο
955 723 1025 764 die
1054 723 1205 764 mensis
1229 724 1350 773 Maii,
1375 733 1667 765 convenerunt

137 796 304 845 omnes,
320 781 392 837 qui
407 782 640 831 voluerant,
657 791 899 835 potuerant,
917 796 966 821 ac
984 781 1221 822 debuerant
1236 782 1457 831 interesse,
1477 781 1518 822 in
1537 782 1667 822 domo

142 838 378 893 capitulari,
416 839 522 880 hora
553 849 782 888 consueta3
839 848 881 879 et
917 837 1228 880 deliberacione
1266 839 1486 893 multiplici
1523 838 1669 880 habita

139 897 251 937 intel
272 912 357 946 eos,
382 897 553 938 tandem
576 896 770 937 omnibus
792 906 833 938 et
850 895 1021 952 singulis
1039 896 1197 950 placuit
1213 911 1291 951 per
1309 898 1416 937 viam
1434 897 1668 951 procedere

138 953 441 1008 compromissi,
504 955 560 995 Et
582 957 632 995 13
649 953 1038 1010 compromissarios
1059 968 1157 993 suos
1179 954 1413 1007 elegerunt,
1438 955 1586 994 dantes
1606 953 1668 994 eis

139 1011 373 1065 plenariam
396 1021 651 1066 potestatem
673 1012 861 1052 futurum
884 1010 1129 1065 pontificem
1152 1011 1351 1066 eligendi,
1370 1026 1466 1067 quae
1483 1020 1668 1065 potestas

139 1085 272 1125 usque
306 1070 348 1110 in
383 1070 611 1110 crastinum
640 1070 694 1110 ad
721 1069 818 1109 solis
848 1083 1044 1109 occasum
1080 1069 1375 1109 tantummodo
1402 1069 1666 1123 perduraret.

141 1127 241 1176 Qua
262 1136 470 1182 potestate
491 1136 666 1181 accepta
686 1126 746 1166 illi
774 1129 838 1176 13,
863 1125 949 1166 alii-s
972 1125 1166 1166 omnibus
1188 1126 1242 1166 de
1264 1127 1451 1180 capitulo
1468 1127 1670 1167 receden-

139 1185 266 1234 tibus,
292 1185 334 1225 in
357 1185 543 1239 capitulo
565 1193 843 1233 remanentes,
865 1183 1061 1223 seriosius
1078 1182 1130 1223 de
1153 1182 1283 1237 ipsius
1300 1183 1519 1224 electionis
1536 1199 1669 1237 nego-

139 1243 206 1282 cio
238 1253 564 1296 pertractarunt,
595 1242 738 1282 Deum
763 1250 806 1282 et
830 1241 1057 1281 utilitatem
1078 1241 1272 1282 ecclesiae
1293 1255 1459 1295 semper
1480 1241 1557 1281 sibi
1581 1256 1669 1295 prae

139 1300 272 1340 oculis
306 1310 552 1349 statuentes,
573 1308 615 1340 et
638 1299 903 1340 advertentes
926 1299 966 1339 in
988 1298 1149 1352 gremio
1173 1299 1421 1339 intrinsecus
1445 1314 1489 1339 se
1510 1299 1669 1339 habere

139 1358 328 1399 valentes
371 1358 624 1411 Tlieologiae
664 1357 934 1412 professoreS,
968 1365 1011 1397 et
1038 1356 1288 1407 bacularios,
1313 1371 1360 1397 ac
1391 1356 1494 1397 alios
1525 1371 1670 1411 quam-

140 1416 283 1470 plures
305 1417 412 1457 bene
434 1416 634 1465 literatos,
659 1416 870 1470 providos,
896 1424 938 1455 et
960 1414 1177 1463 discretos,
1201 1415 1254 1454 ad
1277 1413 1513 1468 praelaciam
1536 1414 1670 1454 eccle-

141 1475 350 1514 siasticam
386 1473 538 1514 merito
572 1474 860 1522 assumendos,
894 1487 942 1513 ac
971 1472 1024 1512 de
1045 1481 1165 1526 parte
1186 1471 1268 1512 alia
1288 1471 1499 1512 intuentes
1523 1471 1670 1511 mundi

140 1531 361 1581 maliciam,
397 1531 722 1597 reservaciones,
759 1540 801 1571 et
837 1529 1035 1584 plurimas
1071 1529 1346 1582 fatigaciones
1376 1528 1417 1569 in
1451 1529 1669 1570 beneficiis

141 1590 290 1629 eccles
295 1599 432 1630 «1511015
452 1590 540 1643 jam
579 1598 809 1637 currentes,
835 1596 876 1628 et
909 1587 1096 1641 pelicula
1131 1597 1173 1627 et
1206 1587 1391 1651 dampna
1422 1586 1671 1638 multiplicia

140 1647 329 1688 ecclesiae
353 1662 426 1687 xei
431 1662 517 1686 15111
524 1646 630 1687 iliter
650 1644 887 1694 iminench,
912 1645 944 1684 si
967 1660 1091 1700 quem
1115 1644 1168 1685 de
1190 1645 1352 1700 gremio
1369 1645 1668 1709 praetulissent,

140 1715 182 1745 et
219 1704 487 1745 nihilominus
522 1704 806 1758 desperabant
842 1703 957 1757 quod
992 1701 1142 1757 aliquis
1174 1702 1226 1742 dc
1247 1704 1413 1781 gremio
1435 1701 1668 1756 expediret,

142 1763 253 1803 inter
285 1762 528 1817 hujusmodi
563 1776 639 1816 per
676 1771 813 1802 totum
848 1760 961 1800 diem
995 1760 1114 1800 illum
1143 1769 1241 1800 ante
1263 1759 1486 1814 prandium
1510 1768 1553 1800 et
1575 1768 1671 1813 post

143 1836 276 1875 usque
300 1835 518 1874 vesperam
540 1820 808 1867 fluctuantes,
835 1832 958 1858 mane
981 1819 1022 1857 in
1044 1817 1228 1858 clastino
1251 1817 1333 1866 die,
1357 1817 1517 1857 scilicet
1537 1815 1669 1866 Jovis,

143 1878 257 1918 idem
283 1891 365 1917 XIII
389 1878 442 1917 ad
465 1877 576 1917 idem
598 1875 822 1931 neffocium
841 1875 882 1915 in
900 1875 1131 1929 capitulum
1150 1884 1453 1924 convenerunt,
1474 1884 1516 1915 et
1536 1889 1671 1928 usque

144 1936 293 1975 horam
331 1934 605 1988 capitularem
642 1935 695 1974 de
731 1932 953 1973 eleccionis
986 1932 1163 1972 materia
1198 1931 1449 1985 diligencius
1485 1942 1674 1986 pertrac-

146 2001 301 2041 tantm,
335 2006 411 2032 nec
449 1991 490 2030 in
527 1991 709 2046 aliquam
745 2004 969 2044 personam
1003 1989 1243 2042 eligendam
1279 1989 1462 2030 finaliter
1497 2003 1672 2029 0011001·-

146 2051 308 2099 dantes,
346 2058 524 2104 propter
560 2047 783 2112 praedictas
820 2046 1088 2087 difficultates
1126 2046 1364 2111 1111111011105,
1400 2047 1571 2087 tandem
1604 2061 1673 2086 ro-

148 2123 226 2160 gav
232 2122 276 2148 er
282 2117 356 2147 unt
373 2107 602 2161 capitulum
627 2114 672 2146 ut
687 2106 782 2158 ipsis
811 2107 859 2144 13
882 2104 987 2144 alios
1005 2108 1030 2144 6
1048 2104 1431 2158 compromissarios
1449 2105 1671 2154 sociarent,

148 2165 346 2220 quatinus
380 2163 553 2205 consilio
590 2164 772 2218 plurium
794 2162 931 2202 sanius
954 2161 1288 2225 procederentm
1306 2161 1386 2202 1100
1405 2171 1515 2202 actu.
1574 2161 1673 2208 Quo

149 2224 264 2264 lacto
301 2232 401 2263 tunc
443 2226 491 2262 19
525 2219 876 2276 compromissarii
910 2221 950 2259 in
983 2219 1075 2274 ipso
1108 2219 1293 2273 capitulo
1315 2219 1558 2268 residentes,
1582 2219 1673 2259 aliis

150 2282 348 2321 omnibus
386 2280 483 2320 hinc
520 2278 684 2327 amotis,
727 2277 922 2333 diligenti
959 2286 1141 2317 tractatu
1178 2277 1432 2331 praehabito,
1456 2276 1673 2317 dominum

151 2340 391 2381 Joliaimem
420 2338 474 2379 de
502 2336 717 2378 Fordham
747 2335 993 2376 canonicum
1016 2335 1204 2376 eeclesiae
1231 2335 1523 2384 EboracensiS,
1547 2344 1590 2375 et
1610 2349 1673 2375 se-

151 2396 375 2438 cretarium
413 2394 571 2436 domini
614 2393 741 2447 Regis
779 2393 1002 2447 elegerunt
1035 2392 1077 2433 in
1115 2392 1355 2446 episcopum
1390 2401 1432 2433 et
1463 2402 1673 2446 pastorem

153 2456 279 2495 ‹lictae
317 2452 618 2496 Dunelmensis
652 2450 840 2492 ecclesiae
875 2450 1071 2491 viduatae.
1135 2450 1191 2491 Et
1221 2450 1434 2505 publicata
1453 2449 1673 2514 electione,

152 2513 287 2566 primo
310 2513 351 2552 in
372 2511 573 2565 capitulo,
597 2508 782 2550 deinde
774 2524 816 2548 111
839 2508 1016 2549 ecclesia
1037 2522 1177 2549 coram
1200 2508 1377 2562 populo,
1401 2517 1444 2548 et
1465 2507 1518 2548 ab
1541 2507 1676 2547 omni-

151 2571 229 2610 bus
251 2585 355 2624 appi
358 2570 422 2610 ob
416 2579 497 2617 ita,
521 2568 607 2608 duo
630 2565 827 2607 monachi
849 2581 902 2607 ex
924 2575 1043 2620 palte
1066 2565 1237 2620 capituli
1258 2565 1341 2606 ad
1333 2580 1472 2620 ipsum
1494 2565 1677 2605 electum

152 2643 249 2669 cum
282 2626 499 2668 electionis
535 2626 707 2666 decreto
742 2639 821 2679 pro
854 2624 942 2678 ejus
975 2638 1177 2664 consensu
1210 2623 1464 2678 lequirendo
1485 2622 1678 2663 celeiiter

155 2701 199 2725 511
209 2695 252 2725 nt
280 2683 528 2733 transmissi,
551 2697 711 2722 necnon
735 2682 787 2722 ad
811 2681 1022 2722 electum
1014 2695 1162 2735 1psum‚
1187 2696 1219 2719 51
1238 2680 1431 2721 electioni
1454 2694 1676 2720 consense-

153 2745 221 2790 rit,
246 2743 419 2782 domino
441 2750 583 2781 nostro
602 2738 711 2792 Regi
731 2738 943 2778 humiliter
957 2738 1298 2791 presentandum,
1314 2736 1506 2792 quatinus
1524 2747 1567 2777 et
1590 2737 1677 2789 ipse

155 2800 397 2853 dignaretur
420 2798 510 2853 ipso
532 2797 668 2839 electo
690 2797 880 2851 proebcre
902 2810 1021 2837 suum
1045 2809 1295 2837 consensum
1317 2794 1478 2850 regium
1497 2805 1539 2835 et
1561 2794 1677 2835 favo-
