1807 2962
478 137 753 170 APPENDIX.
781 138 902 169 ANN.
932 138 1156 170 mcccxc.
1497 125 1589 173 clxi

56 244 169 286 sibus
200 243 422 295 lanienter,
457 254 696 300 satagamus
729 254 882 286 nostrae
915 245 1193 300 proteccionis
1226 245 1457 289 munimine
1487 263 1587 289 con-

54 303 214 345 fovere.
299 304 407 344 Cum
431 304 587 359 itaque,
613 302 721 344 sicut
752 305 1003 358 accepimuS,
1027 303 1198 360 quidam
1221 303 1454 360 iniquitatis
1478 305 1587 346 filius

56 361 99 401 in
132 361 353 402 ecclesiam
382 362 514 402 sancti
543 361 727 402 Andreae
749 360 791 402 in
816 361 979 411 Scocia,
1005 376 1081 416 per
1102 361 1423 416 dampnacionis
1451 363 1586 404 filium

59 418 296 460 Robertum
342 419 442 460 olim
491 418 686 460 Basilicae
719 433 786 460 ΧΠ
824 419 1112 474 apostolorum
1154 419 1268 474 pm*
1309 420 1581 470 cardinalem,

53 491 167 518 nunc
191 476 466 532 Antipapam,
491 477 563 533 qui
599 492 643 518 se
670 477 934 519 Clementem
957 493 1060 519 ausu
1083 478 1287 532 sacrilego
1309 480 1513 529 nominat,
1538 494 1582 520 se

51 536 376 590 presumpcione
398 535 658 589 dampnabili
679 535 972 590 procuraverit
994 544 1037 577 et
1057 535 1206 577 fecerit
1227 535 1398 588 intrudi,
1424 546 1467 578 et
1488 551 1581 579 eam

50 592 215 634 detinet
244 593 434 634 indebite
465 602 728 647 occupatam,
753 603 796 634 et
828 593 869 633 in
900 593 1058 635 diocesi
1091 593 1226 635 sancti
1256 594 1458 645 Andreae,
1482 610 1580 651 quae

50 658 136 692 tuae
166 650 324 693 diocesi
347 651 630 693 Dunelmensi
660 651 861 705 contigua
881 661 959 702 est,
985 651 1083 693 villa
1113 662 1157 694 et
1192 659 1376 693 castrum
1399 651 1452 694 de
1476 654 1581 695 Ber-

47 710 158 764 wyk,
181 724 261 751 nec
293 724 377 750 non
408 721 522 750 terra
547 709 842 764 Rokesburgh,
867 719 910 750 et
940 710 1074 751 eciam
1095 711 1291 766 quaedam
1313 711 1503 753 ecclesiae
1535 720 1579 753 et

46 766 117 821 pia
136 767 230 808 loca
251 767 497 817 consistant,
520 782 616 823 quae
638 767 807 823 quidem
833 767 942 817 villa,
966 777 1164 819 castrum,
1189 777 1231 809 et
1248 778 1374 819 terra,
1399 769 1478 811 sub
1500 770 1577 811 do-

47 824 177 866 minio
213 826 434 881 temporali
469 825 677 866 karissimi
713 824 755 865 in
781 825 951 867 Christo
989 826 1065 867 filii
1097 826 1230 868 nostri
1258 826 1431 868 Ricardi
1465 828 1576 883 regis

52 883 220 937 Angliae
241 885 446 933 existunt,
470 892 511 925 et
540 898 718 939 quorum
752 883 922 939 quidem
959 884 1083 935 villae,
1107 886 1245 935 castri,
1269 900 1317 926 ac
1339 894 1476 936 terrae,
1500 887 1577 928 ha-

44 940 250 982 bitatores
263 952 304 983 et
317 941 479 991 incolae,
497 956 662 982 necnon
674 956 870 996 personae
883 942 1228 984 ecclesiasticaein
1242 944 1429 985 ecclesiis
1446 953 1575 1000 atque

44 998 124 1053 piis
155 999 258 1040 locis
289 999 529 1054 hujusmodi
559 999 761 1056 degentes
793 1009 993 1056 tanquam
1015 1001 1248 1056 prudentes
1270 1010 1311 1042 et
1333 1002 1479 1044 devoti
1500 1003 1576 1044 filii

50 1057 258 1098 Romanae
281 1057 484 1108 ecclesiae,
508 1057 656 1098 intrusi
690 1058 856 1112 praefati
879 1058 1002 1114 eique
1025 1059 1330 1101 adherencium
1351 1069 1395 1102 et
1428 1060 1577 1103 faven-

43 1114 155 1155 cium
179 1115 220 1155 in
257 1116 334 1157 hac
356 1125 476 1171 parte
512 1116 732 1157 consorcia
751 1116 978 1170 fugientes,
998 1117 1120 1158 nobis
1143 1127 1185 1158 et
1207 1117 1346 1159 eidem
1383 1119 1574 1161 ecclesiae

44 1173 223 1215 firmiter
257 1174 432 1215 credere
454 1183 496 1215 et
524 1173 697 1215 obedire
730 1174 1038 1224 dinoscuntur3
1070 1190 1144 1216 nos
1166 1177 1434 1218 attendentes
1457 1179 1574 1234 quod

45 1239 105 1281 tu,
140 1231 247 1273 sicut
269 1247 499 1287 speramus,
524 1232 684 1273 incolas
704 1243 747 1273 et
778 1232 1037 1273 habitatores
1057 1243 1184 1289 atque
1206 1249 1408 1288 personas
1429 1236 1574 1291 hujus-

43 1289 160 1330 modi
191 1305 246 1331 ne
276 1290 791 1345 dictO...persuasi0nibus
825 1290 961 1345 pravis
983 1290 1144 1333 inducti
1167 1293 1232 1333 vel
1253 1293 1433 1344 seducti,
1457 1295 1573 1350 quod

43 1347 166 1398 absit,
191 1348 437 1398 adhereant,
462 1357 505 1389 et
527 1348 627 1389 alias
649 1363 674 1389 a
695 1348 833 1389 noxiis
856 1364 1084 1399 reservare,
1109 1364 1157 1390 ac
1190 1350 1321 1391 eciam
1344 1352 1570 1408 plerosque

45 1405 149 1447 alios
186 1406 377 1448 homines
414 1407 456 1447 in
494 1406 723 1447 convicinis
757 1407 945 1461 partibus
983 1406 1198 1457 durantes,
1223 1409 1294 1464 qui
1316 1410 1457 1451 eidem
1482 1411 1572 1452 Ro-

43 1463 166 1505 berto
188 1464 529 1519 dampnabiliiter
549 1464 766 1506 adhaerere
788 1474 831 1505 et
858 1465 1000 1506 favere
1022 1476 1285 1520 presumunt,
1310 1482 1336 1508 a
1356 1468 1451 1509 labe
1471 1470 1573 1509 scis-

44 1522 167 1563 matis
199 1524 419 1577 praesentis
466 1538 550 1578 qua
579 1522 760 1577 respersi
789 1533 1036 1574 noscuntur,
1070 1539 1284 1575 revocare,
1316 1540 1482 1567 necnon
1514 1528 1570 1569 ad

43 1580 238 1621 semitam
274 1590 434 1623 rectam
468 1581 651 1635 dirigere
683 1591 810 1636 atque
832 1582 1050 1632 reducere,
1075 1582 1255 1624 dextera
1277 1583 1457 1625 Domini
1491 1584 1568 1627 tibi

41 1638 262 1680 assistente
293 1639 496 1694 propicia,
521 1649 564 1680 et
599 1638 823 1680 salubriter
859 1639 901 1679 in
938 1639 1088 1680 eadem
1115 1641 1266 1682 semita
1287 1642 1445 1696 poteris
1468 1658 1570 1684 con-

40 1710 220 1747 servare,
246 1707 288 1738 et
319 1707 448 1752 prout
482 1708 625 1738 nostra
659 1697 873 1751 praecipue
907 1712 1034 1751 super
1061 1697 1140 1738 hiis
1164 1699 1323 1740 utiliter
1344 1700 1570 1755 providere

40 1755 246 1805 volentes,
273 1754 348 1796 tibi
366 1764 408 1795 et
423 1755 733 1795 successoribus
756 1754 848 1805 tuis,
868 1755 1076 1810 episcopis
1096 1756 1469 1809 Dunelmensibus,
1494 1762 1567 1816 qui

40 1827 118 1867 pro
140 1823 331 1867 tempore
354 1813 523 1862 fuerint,
559 1813 738 1854 durante
774 1813 969 1854 scismate
1003 1814 1197 1868 praefato,
1220 1824 1262 1856 et
1299 1816 1434 1858 donec
1457 1832 1567 1872 prae-

40 1871 166 1912 dictae
188 1871 241 1912 de
263 1871 473 1912 catholico
496 1870 696 1926 episcopo
718 1871 951 1925 apostolica
975 1873 1230 1914 auctoritate
1251 1875 1452 1916 canonice
1474 1876 1566 1917 fue-

39 1930 93 1969 rit
116 1944 211 1970 cum
235 1930 388 1970 effectu
411 1929 640 1983 provisum,
666 1931 708 1969 in
731 1929 842 1978 villa,
866 1939 1015 1979 castro,
1040 1940 1164 1980 terra,
1180 1931 1379 1982 ecclesiis,
1397 1943 1441 1974 et
1461 1934 1567 1975 locis

37 1987 239 2042 praefatiS,
265 1997 306 2028 et
328 1987 371 2027 in
402 1987 660 2043 quibuslibet
687 1986 848 2037 castris,
875 1987 1010 2038 terris,
1036 1987 1154 2038 villis,
1178 1997 1307 2046 atque
1327 1990 1445 2041 locis,
1468 2007 1565 2048 quae

39 2059 116 2085 rex
148 2045 189 2086 in
241 2045 400 2086 diocesi
451 2045 641 2100 praefata,
684 2046 878 2086 scismate
919 2054 1115 2101 presente
1156 2046 1338 2089 durante
1378 2049 1567 2091 fortassis

37 2103 241 2158 acquiret,
264 2102 521 2158 spiritualem
545 2112 586 2144 et
608 2103 878 2144 diocesariam
907 2113 994 2144 tam
1016 2105 1204 2158 personis
1226 2120 1350 2162 quam
1373 2106 1416 2148 in
1437 2109 1565 2150 rebus

30 2161 374 2215 jurisdiccionem
408 2161 648 2211 exercendi,
684 2171 811 2215 prou-t
836 2161 1064 2217 episcopus
1094 2163 1227 2204 sancti
1264 2164 1450 2206 Andreae
1486 2181 1566 2222 pro

38 2229 227 2273 tempore
259 2219 450 2261 existens
479 2219 592 2260 illam
624 2234 826 2260 exercere
856 2229 995 2274 potest
1026 2229 1070 2261 et
1092 2221 1237 2271 debet,
1262 2222 1316 2263 de
1338 2235 1566 2265 consuetu-

36 2276 137 2317 dine
159 2277 223 2318 vel
245 2277 299 2318 de
314 2279 426 2331 jure,
449 2277 785 2318 contradictores
807 2292 975 2333 quoque
997 2292 1073 2332 per
1104 2293 1326 2320 censuram
1347 2281 1565 2323 ecclesias-

39 2336 181 2384 ticam,
215 2335 506 2388 appellacione
541 2334 789 2389 postposita,
827 2336 1136 2389 compescendi,
1176 2351 1260 2376 non
1295 2338 1565 2380 obstantibus

38 2392 372 2449 quibuscumque
420 2392 661 2447 privilegiis,
711 2391 1004 2445 indulgenciis,
1048 2401 1092 2433 et
1132 2393 1263 2435 literis
1304 2396 1563 2449 apostolicis,

36 2450 320 2505 spiritualibus
342 2449 405 2489 vel
422 2450 701 2506 generalibuS,
720 2449 973 2500 hominibus,
990 2449 1107 2499 locis,
1127 2460 1199 2491 aut
1216 2453 1403 2505 personis
1416 2454 1566 2509 hujus-

36 2508 152 2550 modi
188 2509 241 2550 ab
278 2507 510 2562 apostolica
554 2508 654 2548 sede
695 2508 918 2557 concessis,
962 2522 1325 2565 quorumcumque
1366 2520 1561 2554 tenorum

35 2568 125 2608 exis
132 2596 259 2611 .......
261 2581 350 2621 per,
373 2581 468 2622 quae
490 2564 755 2620 presentibus
776 2579 861 2605 non
878 2580 1077 2620 expressa
1093 2566 1161 2607 vel
1183 2567 1373 2609 totaliter
1393 2584 1479 2611 non
1500 2572 1565 2612 in-

35 2633 147 2666 serta
174 2625 348 2665 effectus
381 2639 525 2664 earum
553 2622 746 2678 impediri
775 2622 914 2664 valeat
945 2624 1266 2679 quomodolibet
1298 2627 1363 2667 vel
1385 2627 1557 2679 deferri,

36 2698 131 2740 quae
164 2682 279 2739 quod
312 2681 366 2723 ad
387 2682 467 2723 hoc
489 2683 547 2723 eis
569 2697 650 2722 v...
684 2681 949 2737 aliquatenus
971 2682 1203 2737 suffragari,
1241 2698 1316 2725 seu
1338 2684 1372 2725 si
1393 2684 1561 2739 incolis,

92 2801 108 2819 ⁸
134 2798 210 2832 The
229 2798 358 2842 margin
376 2798 404 2831 is
421 2797 640 2841 occasionally
654 2796 756 2841 pared
774 2808 868 2840 away
885 2799 930 2842 by
950 2798 1009 2833 the
1025 2798 1118 2833 knite
1135 2798 1174 2833 of
1185 2811 1202 2833 a
1219 2799 1359 2834 modern
1375 2801 1510 2835 binden

773 2855 800 2882 L
