1807 2962
480 119 746 151 ROBERTUS
773 119 840 149 DE
869 118 1211 149 GRAYSTANES.
1515 111 1535 151 1
1549 111 1603 153 ll

19 222 44 284 [
74 224 146 279 jus
179 224 246 265 vel
283 225 430 266 titulus
460 226 582 281 juris,
622 240 701 266 nec
735 225 1030 273 decresceret3
1068 225 1199 265 immo
1234 223 1351 279 quod
1385 233 1529 266 essent
1564 228 1608 268 in

81 281 231 323 eodem
253 290 365 324 statu
386 294 494 337 post,
519 299 604 339 quo
627 292 748 331 ante3
772 291 813 324 et
835 284 895 323 sic
913 283 1123 323 admissus
1145 292 1221 323 est.
1278 281 1445 322 Paucos
1467 291 1608 324 tamen

81 354 223 380 secum
258 340 451 391 adduxit,
491 340 625 397 magis
658 341 714 382 ad
747 341 955 381 honorem
993 340 1155 380 Prioris
1176 354 1304 394 quarn
1327 339 1380 379 ad
1403 354 1525 389 onus,
1549 349 1606 389 et,

79 397 203 437 finito
238 398 435 452 prandio,
471 400 613 439 statim
647 399 833 439 recessit.
896 398 1074 438 Dimisit
1107 406 1250 438 tamen
1286 411 1421 437 unum
1458 397 1518 437 ibi
1554 398 1608 438 de

80 454 180 503 suis,
214 456 287 510 qui
318 455 460 496 locum
498 456 588 510 ejus
625 464 801 505 teneret,
838 456 1135 509 pernoctando
1166 455 1227 495 ibi
1259 463 1302 495 et
1322 454 1534 510 jantando
1563 456 1608 495 in

80 512 278 553 crastino.
342 513 596 570 Rogabatur
636 512 906 567 RadulphuS,
944 512 1073 567 quod,
1112 527 1167 553 ex
1202 527 1288 567 quo
1322 511 1513 552 ecclesiae
1545 521 1610 553 est

79 569 192 610 filius
229 578 271 611 et
307 578 468 620 tenens,
493 571 609 626 quod
646 585 734 611 non
771 570 986 610 laboraret
1012 570 1066 610 ad
1090 570 1361 610 onerandum
1383 568 1607 610 ecclesiam

78 627 153 667 ubi
174 642 262 668 non
284 627 458 677 debuit3
482 629 667 669 maxime
689 642 787 668 cum
810 628 904 668 talis
927 628 1121 668 oneratio
1144 628 1223 668 sibi
1244 627 1356 667 foret
1371 627 1547 676 inutilis,
1566 636 1609 668 et

79 685 269 726 ecclesiae
290 695 435 740 posset
456 701 546 727 esse
568 686 694 726 nimis
716 685 967 740 dampnosa,
995 687 1028 726 si
1050 685 1264 726 adducere
1286 699 1428 725 secum
1446 693 1606 739 posset,

79 752 184 798 quot
218 742 356 793 vellet,
393 753 434 784 et
467 752 684 784 teneretur
723 743 849 783 Prior
885 743 1110 783 admittere
1147 757 1244 783 eum
1282 744 1327 782 in
1363 742 1500 783 forma
1521 757 1607 798 qua

77 801 219 855 peciit,
253 810 295 842 et
326 800 427 856 quid
450 801 695 856 adquireret
716 801 797 841 sibi
829 800 882 841 de
903 800 1135 841 refectione
1156 800 1280 841 una?
1310 799 1455 840 nichil.
1520 800 1608 840 Re·-

79 858 265 912 spondit,
299 859 430 913 quod,
465 859 499 899 si
528 868 673 913 posset
697 857 822 898 Prior
844 858 1070 899 ostendere
1092 858 1207 913 quod
1229 859 1273 898 in
1294 858 1508 912 peticione
1530 873 1607 898 sua

78 917 145 967 jus
175 930 261 956 non
294 916 485 966 haberet,
510 916 689 957 libenter
709 930 885 957 manum
908 925 1137 956 amoveret.
1201 916 1246 957 Si
1267 929 1367 956 vero
1383 917 1455 970 jus
1476 915 1607 956 habe-

78 982 155 1022 ret,
189 982 231 1014 et
250 975 547 1028 permitterent
569 989 667 1014 eum
688 974 820 1030 gratis
842 974 994 1022 facere,
1019 982 1298 1028 componeret
1319 987 1415 1014 cum
1438 988 1488 1014 eo
1507 988 1517 1021 3
1545 974 1604 1014 ita

78 1031 194 1086 quod
228 1040 329 1085 post
363 1047 450 1072 non
486 1032 596 1072 foret
628 1031 754 1072 Prior
784 1046 862 1086 per
893 1031 1141 1086 hujusmodi
1165 1031 1455 1085 receptionem
1476 1031 1603 1071 nimis

76 1097 300 1137 oneratus3
325 1089 399 1129 sed
423 1090 456 1129 si
479 1090 517 1129 vi
540 1098 582 1130 et
601 1104 679 1143 per
701 1089 902 1143 placitum
922 1090 1147 1143 optineret,
1171 1090 1213 1128 in
1233 1089 1351 1129 nullo
1370 1103 1480 1129 onus
1497 1088 1605 1129 illud

76 1147 304 1203 mitigaret.
373 1146 548 1187 Interim
579 1147 829 1201 inquisitum
866 1156 929 1188 est
964 1163 989 1187 a
1021 1146 1242 1187 monachis
1280 1147 1479 1201 antiquis,
1509 1155 1552 1187 et
1577 1161 1603 1186 a

75 1205 289 1246 veteribus
326 1205 380 1245 de
411 1205 563 1258 patria,
602 1204 674 1259 qui
707 1204 940 1259 antiquitus
962 1205 1004 1244 in
1038 1205 1233 1258 prioratu
1267 1205 1535 1252 serviebant3
1559 1213 1603 1245 et

75 1262 287 1312 monachi,
322 1263 395 1318 qui
426 1277 503 1317 per
524 1270 621 1303 octo
644 1276 778 1302 annos
808 1270 849 1303 et
870 1261 1067 1316 amplius,
1092 1270 1321 1316 antequam
1347 1261 1602 1316 Ranulphus

74 1330 196 1376 pater
227 1320 346 1361 istius
378 1320 574 1374 repulsus
596 1327 700 1368 erat,
724 1328 952 1374 portarunt
977 1319 1185 1368 habitum,
1210 1319 1414 1360 dixerunt
1439 1318 1602 1359 Ranul-

73 1379 210 1434 phum
246 1392 466 1433 nunquam
503 1386 601 1418 ante
636 1377 757 1417 illum
786 1377 899 1418 diem
921 1377 1022 1418 talia
1041 1377 1225 1431 petisse3
1248 1377 1379 1416 immo
1402 1377 1602 1418 viderunt

75 1451 173 1477 eum
205 1436 451 1491 frequenter
484 1450 656 1476 cervum
694 1435 957 1483 offerentem,
997 1435 1072 1475 sed
1108 1435 1218 1475 facta
1254 1433 1478 1475 oblacione
1510 1449 1600 1474 non

73 1494 279 1535 remansit
310 1493 363 1534 ad
393 1493 637 1548 prandium,
671 1493 798 1533 etiam
828 1507 907 1547 per
940 1492 1135 1533 Priorem
1156 1502 1344 1548 rogatus.
1412 1491 1601 1538 Quidam

74 1553 237 1607 antiqui
264 1551 317 1592 de
338 1551 530 1605 partibus
552 1550 755 1591 dixerunt
776 1550 903 1599 idem,
927 1550 999 1591 sed
1022 1550 1133 1591 facta
1154 1550 1384 1599 oblatione,
1409 1558 1452 1590 et
1473 1564 1600 1590 cervo

74 1609 302 1664 deportato
335 1609 389 1649 ad
420 1608 661 1664 coquinam,
695 1608 1019 1648 adducebantur
1048 1615 1269 1662 portantes
1301 1607 1355 1647 ad
1383 1606 1523 1648 aulam
1545 1606 1600 1647 ad

67 1667 338 1723 jantandum,
373 1674 420 1707 ut
457 1666 595 1706 solent
626 1673 848 1719 portantes
880 1665 1073 1706 redditus
1110 1673 1151 1705 et
1184 1664 1377 1706 exennia.
1441 1664 1599 1705 Nullus

74 1733 216 1765 tamen
249 1724 302 1764 de
322 1723 515 1778 partibus
538 1723 620 1763 hoc
642 1723 792 1763 recolit
813 1737 904 1763 esse
925 1722 1096 1771 factum,
1120 1722 1193 1762 sed
1214 1723 1487 1778 ymaginatur
1508 1730 1600 1763 tan-

73 1791 180 1823 tum.
244 1782 287 1822 Si
322 1795 423 1821 vero
456 1781 607 1835 aliquis
642 1781 840 1820 dominus
878 1780 931 1820 de
961 1779 1087 1820 Nova
1108 1780 1235 1828 Villa,
1259 1788 1447 1835 rogatus,
1471 1794 1601 1834 pran-

73 1839 193 1880 deret
215 1853 312 1879 cum
335 1838 499 1886 Priore,
522 1838 632 1878 forte
652 1837 731 1878 fuit
746 1839 977 1891 permissus
1000 1851 1126 1877 cocus
1144 1839 1232 1892 ejus
1249 1852 1341 1877 esse
1357 1837 1402 1877 in
1420 1838 1603 1892 coquina

73 1897 128 1937 ad
158 1896 399 1950 parandum
432 1896 572 1936 cibum
606 1909 687 1949 pro
719 1910 797 1935 suo
819 1895 1008 1937 domino.
1077 1894 1241 1934 Eodem
1264 1894 1395 1934 modo
1417 1894 1524 1935 alius
1546 1895 1600 1936 de

74 1954 175 2002 suis,
209 1955 253 1994 in
286 1953 504 2002 celerario,
529 1953 583 1993 ad
605 1953 850 2007 eligendum
873 1961 1019 2006 potum
1043 1967 1123 2007 pro
1146 1966 1220 2000 θος
1254 1960 1295 1992 et
1317 1951 1469 2007 aliquis
1490 1952 1601 1993 forte

73 2011 127 2051 ad
156 2011 349 2065 januam,
387 2011 442 2052 ad
475 2010 789 2051 admittendum
825 2025 937 2059 suos,
977 2018 1019 2050 et
1039 2008 1355 2050 excludendum
1377 2024 1466 2049 non
1488 2025 1599 2060 suos,

73 2068 146 2123 qui
175 2069 284 2109 forte
317 2068 396 2109 sub
426 2067 674 2122 palliatione
703 2069 792 2122 ejus
814 2068 958 2108 venire
979 2067 1228 2107 voluerunt:
1261 2067 1334 2107 sed
1357 2066 1439 2107 hoc
1461 2067 1600 2108 solum

71 2126 230 2167 factum
251 2126 331 2167 fuit
352 2140 406 2165 ex
427 2125 645 2166 voluntate
664 2125 841 2175 Prioris,
864 2132 1041 2179 propter
1063 2125 1352 2165 reverenciam
1374 2125 1596 2175 venientis,

73 2192 115 2223 et
149 2198 238 2224 non
274 2198 329 2224 ex
364 2183 507 2238 aliquo
543 2182 667 2223 titulo
696 2183 820 2238 juris,
859 2182 1036 2223 domino
1072 2182 1126 2222 ad
1159 2182 1334 2236 propria
1366 2191 1596 2224 remeante.

72 2239 289 2281 Dominus
312 2240 441 2281 etiam
458 2240 678 2280 Henricus
710 2240 764 2280 de
791 2240 941 2294 Scrop,
968 2240 1103 2295 Regis
1118 2239 1395 2294 justiciarius,
1420 2239 1531 2280 dixit
1553 2255 1598 2280 se

70 2305 173 2338 tunc
192 2298 322 2339 fuisse
343 2312 441 2338 cum
462 2297 708 2352 Ranulpho,
733 2305 775 2338 et
794 2311 874 2351 pro
895 2312 946 2337 eo
966 2297 1192 2351 placitasse
1212 2297 1257 2337 in
1279 2311 1379 2337 casu
1400 2297 1596 2350 praefato.

73 2354 326 2396 Portaverat
356 2355 468 2395 enim
504 2354 761 2409 Ranulphus
798 2355 928 2395 breve
961 2369 1085 2394 suum
1122 2363 1270 2394 contra
1307 2353 1504 2394 Priorem
1541 2354 1596 2395 de

69 2425 182 2452 nova
213 2411 433 2460 dissasina,
468 2412 542 2452 sed
574 2411 683 2452 dixit
714 2427 809 2452 eum
833 2411 997 2451 nullum
1020 2410 1173 2464 pedem
1189 2411 1300 2464 juris
1316 2410 1530 2459 habuisse,
1554 2420 1597 2452 et

69 2468 169 2509 ideo
200 2478 358 2510 sectam
390 2482 508 2508 suam
529 2468 762 2523 reliquisse.
825 2468 914 2508 Alii
934 2468 1150 2517 dixerunt,
1174 2467 1305 2522 quod,
1330 2481 1383 2507 ex
1406 2482 1491 2522 quo
1513 2468 1597 2509 hoc

67 2526 176 2580 petit
197 2534 319 2567 extra
338 2540 462 2566 suum
482 2525 668 2574 feodum,
688 2526 787 2580 quia
800 2525 845 2564 in
861 2525 1053 2579 prioratu
1071 2532 1290 2579 oporteret
1306 2539 1403 2565 eum
1420 2525 1596 2580 aliquod

69 2584 253 2637 speciale
285 2584 591 2631 demonstrare,
634 2583 749 2623 unde
790 2582 872 2622 hoc
913 2590 1087 2636 peteret.
1161 2581 1264 2631 Alii,
1308 2582 1438 2637 quod,
1483 2584 1592 2624 sicut

71 2639 198 2682 Prior
219 2640 350 2681 nichil
370 2649 511 2695 potest
528 2649 672 2695 petere
694 2639 747 2679 ab
769 2654 820 2679 eo
837 2654 916 2694 pro
934 2649 1047 2681 terra
1062 2639 1135 2679 illa
1151 2639 1264 2679 ultra
1280 2653 1400 2680 suam
1415 2648 1589 2689 cartam,

68 2697 138 2747 ita,
172 2714 195 2739 e
230 2713 449 2747 converso,
484 2712 563 2737 nec
597 2698 687 2751 ipse
721 2712 745 2737 a
781 2697 930 2737 Priore
959 2697 1041 2737 nisi
1073 2704 1233 2737 cartam
1256 2696 1525 2745 ostenderet3
1549 2706 1592 2739 et

67 2764 276 2809 praeterea
306 2770 361 2798 ex
393 2769 477 2811 quo
499 2754 606 2809 petit
627 2770 670 2796 se
694 2754 871 2804 admitti,
895 2769 992 2796 cum
1014 2763 1120 2809 quot
1143 2755 1318 2804 veniret,
1343 2769 1430 2796 non
1452 2755 1591 2796 deter-
