1807 2962
202 54 303 102 CCVl
502 69 636 101 HIST.
664 69 901 102 DUNELM.
930 67 1237 100 SCRIPTORES
1263 67 1403 100 TRES.

200 176 301 218 licet
337 177 392 218 ad
427 176 672 233 hujusmodi
708 176 980 224 eleccionem,
1004 174 1274 216 concorditer
1302 182 1346 215 et
1374 172 1575 215 unanimo
1597 174 1727 215 corde

202 234 511 285 celebrandam,
535 250 622 275 non
655 235 874 276 credamus
905 242 1061 274 vestras
1092 231 1357 288 prudenciaS‚
1384 231 1727 287 jurisperitorum

200 298 246 333 et
267 292 540 346 providorum
555 293 741 334 virorum
757 290 1042 333 circumfultas
1063 289 1252 339 consilio,
1271 289 1424 330 nostris
1442 290 1484 330 in
1506 289 1584 330 hac
1607 301 1729 344 parte·

202 350 577 392 exhortacionibus
600 350 667 391 vel
689 348 1032 405 persuasionibus
1055 347 1257 402 indigere,
1283 356 1460 401 urgente
1485 356 1625 388 tamen
1649 362 1728 388 nos

203 417 392 463 paternae
406 408 591 450 caritatis
611 409 779 457 affectu,
794 408 871 448 ista
888 406 940 448 de
961 405 1158 461 praesenti
1177 405 1294 446 vobis
1316 405 1534 446 scribimus
1554 420 1564 454 3
1588 413 1633 446 ut
1652 405 1729 445 im-

201 465 450 521 pedimenta
482 476 524 508 et
555 466 836 515 difficultates,
859 464 893 505 si
914 479 1010 520 quae
1033 464 1140 505 forte
1164 473 1447 513 occurrerent,
1471 458 1596 504 antea
1616 478 1728 518 prae-

203 533 417 575 caventes,
442 524 726 566 conformibus
750 523 858 564 votis
890 531 932 564 et
964 537 1051 563 uno
1073 521 1200 563 corde
1222 522 1275 562 ad
1299 521 1555 562 eleccionem
1582 520 1728 575 hujus-

202 581 333 632 modi,
360 582 458 624 Deo
479 582 683 637 propicio,
717 580 971 636 procedatis.
1050 579 1310 636 Hujusmodi
1332 587 1471 620 autem
1496 578 1725 628 eleccione,

201 649 420 682 annuente
444 640 647 691 Domino,
670 639 849 681 feliciter
870 637 1085 694 expedita,
1110 653 1187 679 nos
1209 638 1262 679 de
1283 652 1481 692 processu
1503 636 1728 678 eleccionis

201 706 246 739 et
266 712 449 752 persona
468 698 616 748 electa,
639 697 895 754 quamcicius
928 696 1106 738 comode
1137 694 1344 751 poteritiS‚
1369 696 1603 736 certificare
1625 694 1728 735 veli-

202 756 256 797 tis
275 771 285 804 3
309 765 355 797 ut
373 756 488 812 quod
510 757 629 798 nobis
652 764 695 797 et
716 766 861 796 nostro
883 755 926 796 in
948 754 1026 795 hac
1048 763 1169 809 parte
1190 753 1397 794 incumbit
1419 752 1558 793 officio
1579 752 1727 793 celeri·-

201 821 277 862 ter,
301 823 428 868 prout
449 814 643 855 suadebit
658 813 844 868 justicia,
862 813 954 854 fieri
976 812 1189 853 faciamus.
1225 811 1275 852 In
1295 810 1443 852 votivis
1467 817 1510 852 et
1527 809 1725 865 jocundis

201 871 458 913 successibus
490 872 651 913 diucius
685 886 757 912 vos
791 878 1008 925 preservet
1035 869 1288 918 Altissimus,
1308 878 1351 910 et
1372 868 1550 910 feliciter
1570 866 1726 923 dirigat

201 928 245 969 in
266 929 457 984 agendis.
521 929 699 985 Scriptae
723 928 911 977 Calesiis,
935 928 996 981 vj²¹
1017 926 1085 967 die
1112 927 1326 968 Octobris.

697 1002 752 1047 T.
778 1003 1012 1058 Episcopus
1037 1000 1240 1044 Dunelm.

317 1280 501 1311 CLXXXI·
535 1279 754 1308 LICENCIA
784 1277 960 1307 THOMAE
984 1277 1197 1305 LANGLEY
1219 1276 1425 1305 EPISCOPI
1449 1277 1506 1304 AD
1531 1277 1609 1304 Ex·-

318 1338 589 1368 HUMANDUM
632 1337 846 1366 CORPORA
888 1336 1126 1363 RADULPHI
1169 1335 1347 1362 NEVYLL
1371 1335 1427 1362 ET
1450 1335 1608 1362 ALISIAE

318 1398 487 1425 UXORIS
525 1397 620 1425 sUAE
653 1397 680 1423 A
715 1396 833 1423 LOCO
873 1395 953 1422 UBI
991 1393 1127 1421 PRIUS
1165 1393 1368 1421 SEPULTA
1401 1393 1518 1420 SUNT
1551 1393 1608 1419 AD

314 1456 492 1484 ALTARE
518 1455 565 1482 IN
588 1454 813 1482 AUSTRALI
836 1453 982 1480 PARTE
1007 1452 1136 1480 NAVIS
1160 1451 1404 1478 ECCLESIAE.

477 1533 593 1574 [Cart.
609 1533 684 1565 ΙΙΙ.
700 1531 756 1564 fol.
773 1533 840 1568 287
856 1532 889 1565 b.
905 1535 940 1563 et
958 1530 1055 1574 Orig.
1082 1532 1113 1562 3.
1131 1532 1163 1562 3.
1181 1529 1309 1562 Pontif.
1328 1529 1377 1561 H.
1399 1529 1444 1570 1.]

259 1613 463 1662 Thomas,
497 1609 773 1666 permissione
804 1608 961 1649 Divina
989 1606 1296 1650 Dunelmensis
1325 1606 1575 1661 Episcopus,
1600 1605 1727 1646 caris-

202 1672 308 1714 simo
339 1673 382 1713 in
416 1670 585 1712 Christo
607 1668 694 1709 filio
717 1676 863 1709 nostro
888 1665 1026 1707 Priori
1057 1664 1247 1706 ecclesiae
1276 1673 1434 1706 nostrae
1459 1663 1726 1706 Cathedralis

201 1729 514 1778 Dunelmensis‚
548 1726 740 1777 salutem,
773 1725 958 1780 graciam
992 1732 1033 1765 et
1065 1722 1426 1765 benediccionem.
1492 1721 1560 1763 Ad
1593 1722 1728 1761 exhu-

198 1789 401 1830 mandum
423 1794 466 1828 et
488 1785 739 1841 erigendum
762 1797 941 1837 corpora
961 1781 1111 1822 nobilis
1143 1780 1219 1821 viri
1243 1780 1460 1835 Radulphi
1490 1779 1651 1820 domini
1673 1779 1727 1820 de

204 1845 373 1901 Nevyll,
407 1853 450 1885 et
487 1842 636 1883 nobi-lis
674 1842 857 1881 dominae
884 1839 1037 1880 Alesiae
1060 1839 1203 1880 uxoris
1225 1853 1326 1888 suae,
1351 1838 1392 1877 in
1415 1837 1512 1878 navi
1534 1837 1724 1878 ecclesiae

198 1913 354 1943 nostrae
388 1899 653 1942 Cathedralis
686 1899 903 1953 praedictae
925 1897 1197 1950 sepultorum,
1221 1910 1269 1936 ac
1293 1911 1342 1936 eo
1364 1896 1418 1936 de
1440 1895 1549 1944 loco,
1574 1894 1615 1934 in
1640 1909 1726 1950 quo

201 1975 314 2001 nunc
343 1961 505 2015 jacent,
541 1957 595 1997 ad
631 1957 771 1997 locum
807 1953 1186 2009 competenciorem
1223 1953 1263 1993 in
1286 1953 1433 1993 eadem
1456 1952 1645 2002 ecclesia,
1669 1952 1724 1994 de

198 2033 284 2074 quo
306 2016 423 2059 vobis
446 2017 579 2055 visum
601 2013 741 2063 fuerit,
766 2011 1068 2061 transferenda,
1088 2021 1132 2052 et
1149 2010 1205 2051 ibi
1224 2010 1496 2060 i-nhumanda‚
1516 2010 1650 2059 vobis,
1671 2025 1725 2051 ex

200 2075 323 2117 certis
345 2073 477 2115 causis
498 2071 824 2113 racionabilibus
842 2078 885 2111 et
902 2068 1109 2123 legitimiS,
1132 2067 1253 2109 nobis
1276 2083 1352 2122 per
1372 2083 1446 2108 vos
1461 2067 1663 2123 expositis
1682 2077 1726 2109 et

198 2148 272 2189 per
293 2147 367 2173 nos
390 2129 592 2179 admissis,
624 2129 798 2170 liberam
819 2128 860 2168 in
898 2127 1086 2168 Domino
1108 2136 1253 2168 tenore
1275 2125 1553 2180 praeseneium
1576 2140 1727 2167 conce-

199 2191 338 2232 dimus
366 2189 624 2230 facultatem.
687 2188 737 2228 In
769 2187 886 2241 cujus
916 2186 977 2226 rei
1008 2184 1297 2225 testimonium
1327 2183 1506 2240 sigillum
1531 2192 1724 2224 nostrum

198 2247 477 2305 praesentibus
499 2245 698 2286 duximus
720 2243 1031 2299 apponendum.
1095 2242 1211 2283 Data
1232 2241 1273 2282 in
1297 2242 1483 2282 manerio
1505 2249 1649 2281 nostro
1671 2240 1724 2281 de

200 2305 443 2354 Aukelaml,
481 2317 559 2344 xx1
594 2303 663 2346 die
702 2301 854 2344 mensis
887 2300 1122 2350 Februarii,
1157 2314 1267 2340 anno
1306 2299 1475 2340 Domi-ni
1500 2298 1723 2340 millesimo

201 2378 390 2406 ccccxv1
410 2378 421 2413 3
445 2371 487 2405 et
510 2373 665 2405 nostrae
687 2359 1024 2403 consecracionis
1047 2357 1285 2401 undecimo.

768 2490 879 2541 Seal,
905 2489 975 2531 Ad
996 2490 1165 2532 Causas.
