1807 2962
476 69 753 102 APPEND1x.
783 70 902 102 ANN.
933 70 1152 104 Δ11000011,
1167 94 1175 104 .
1190 91 1218 104 ..
1522 62 1626 108 cciii

212 387 441 416 CLXXXVII.
475 387 628 415 BULLA
660 388 892 416 JOHANNIS
926 386 1053 417 PAPAE
1085 389 1203 418 XXIII
1237 390 1314 418 DIE
1348 391 1512 419 SEPUL-

304 446 428 473 TURA
452 445 592 474 INFRA
615 446 858 474 CAPELLAM
883 447 1099 476 COLLEGII
1123 449 1412 477 OXONIENSIS·

677 524 789 566 [Cart.
808 524 882 557 111.
901 524 926 558 f.
948 525 1039 566 184]

151 601 370 644 Johannes
409 602 658 657 EpiscopuS‚
697 616 842 643 servus
870 617 1089 644 servorum
1124 602 1223 653 Dei,
1257 603 1312 645 ad
1352 603 1536 646 futuram
1569 606 1629 647 rei

94 660 355 702 memoriam.
422 660 669 701 Humilibus
691 672 734 702 et
755 660 943 703 honestis
965 659 1204 716 supplicum
1222 662 1346 711 votis,
1371 663 1430 703 eis
1452 678 1628 718 praeser-

95 718 184 770 tim,
208 734 304 775 quae
331 718 490 760 Christi
512 718 699 759 fidelium
732 718 912 760 salutem
934 718 1169 760 animarum
1191 720 1471 774 conspiciunt,
1496 722 1629 764 liben-

95 784 162 818 ter
193 776 441 826 annuimus3
474 791 622 833 eaque,
660 785 866 833 quantum
904 792 999 819 cum
1031 778 1131 819 Deo
1151 792 1389 833 possumus,
1412 779 1627 822 favoribus

94 835 389 891 prosequimur
410 835 647 890 oportunis.
691 836 804 877 Sane
825 835 984 890 peticio
1001 849 1079 891 pro
1101 844 1221 890 parte
1244 835 1498 878 dilectorum
1519 839 1629 880 filio-

94 908 188 933 rum
232 893 430 935 Custodis
467 902 512 934 et
548 893 846 934 nonnullorum
880 893 1198 935 Monachorum
1240 894 1429 936 ecclesiae
1463 896 1629 938 Dunel-

94 951 244 1001 mensi,
289 951 460 993 Ordinis
511 951 645 993 sancti
700 951 938 1002 Benedicti,
982 967 1032 993 ac
1076 951 1310 993 scolarium
1353 953 1393 993 in
1438 953 1630 1009 Collegio

93 1009 377 1051 Dunelmensi
408 1018 665 1064 nuncupato,
688 1018 814 1050 extra
842 1025 985 1051 muros
1013 1009 1185 1060 Oxonii,
1212 1010 1507 1053 Lincolnensis
1538 1014 1630 1055 dio-

94 1081 251 1118 ceseOS,
283 1067 521 1109 litterarum
554 1067 697 1109 studio
719 1067 1020 1118 insistencium,
1042 1067 1200 1123 peticio
1222 1069 1483 1121 continebat,
1509 1073 1626 1128 quod

92 1124 192 1166 licet
215 1125 256 1165 in
279 1125 394 1167 dicto
418 1126 615 1181 Collegio
631 1126 827 1182 quaedam
849 1126 1044 1166 solemnis
1065 1126 1228 1180 capella
1249 1126 1288 1166 in
1307 1127 1469 1169 honore
1490 1140 1531 1171 et
1547 1130 1627 1172 sub

93 1184 302 1224 vocabulo
334 1184 466 1225 sancti
492 1183 720 1226 Cuthberti
751 1184 987 1225 honorifice
1009 1193 1252 1225 constructa
1272 1194 1316 1226 et
1338 1186 1548 1238 dedicata,
1583 1188 1625 1230 in

95 1256 179 1297 qua
210 1242 337 1283 etiam
362 1241 438 1297 ipsi
461 1242 612 1283 Custos
636 1241 843 1283 Monachi
865 1250 909 1283 et
934 1241 1123 1284 Scolares
1147 1241 1292 1284 missas
1315 1252 1358 1285 et
1380 1244 1463 1284 alia
1485 1245 1628 1288 divina

95 1299 234 1341 officia
255 1300 485 1350 celebrant,
510 1310 550 1342 et
582 1315 608 1341 a
629 1300 768 1341 multis
791 1300 912 1354 annis
934 1301 1040 1342 citra
1061 1300 1276 1342 celebrare
1298 1314 1624 1355 consueverunt,

95 1357 187 1400 fore
221 1368 431 1408 noscatur,
457 1368 598 1400 tamen
630 1358 671 1398 in
705 1358 796 1414 ipsa
821 1359 995 1413 capella,
1019 1373 1115 1415 quae
1138 1358 1247 1400 infra
1268 1359 1422 1401 limites
1445 1361 1623 1403 duarum

94 1416 399 1471 parochialium
431 1416 700 1458 ecclesiarum
735 1417 938 1465 consistit,
971 1431 1049 1471 pro
1078 1416 1386 1459 decedentibus
1409 1417 1449 1458 in
1473 1419 1624 1461 eodem

97 1474 292 1532 Collegio
314 1475 565 1530 sepeliendis
596 1474 730 1515 libera
761 1474 1045 1516 ecclesiastica
1076 1475 1293 1530 sepultura
1324 1491 1408 1518 non
1431 1476 1626 1520 habetur.

96 1533 243 1583 Quare
264 1548 343 1588 pro
365 1542 485 1587 parte
510 1532 710 1574 Custodis
734 1532 1050 1574 Monachorum
1074 1543 1115 1575 et
1141 1534 1375 1576 Scolarium
1396 1535 1626 1587 praedicto-

94 1606 188 1632 rum
212 1591 334 1632 nobis
356 1592 435 1632 fuit
456 1590 672 1631 humiliter
692 1591 989 1646 supplicatum,
1015 1600 1060 1632 ut
1091 1591 1202 1647 ipsiS‚
1226 1601 1268 1634 et
1291 1608 1438 1635 eorum
1462 1609 1627 1636 succes-

95 1650 275 1699 soribus‚
301 1648 485 1691 Custodi
519 1648 747 1690 Monachis
780 1659 822 1690 et
848 1649 1104 1700 Scolaribus,
1130 1650 1200 1706 qui
1223 1650 1264 1691 in
1287 1651 1403 1693 dicto
1428 1652 1625 1708 Collegio

94 1722 174 1762 pro
206 1716 395 1762 tempore
417 1706 589 1756 fuerint,
624 1722 750 1761 super
771 1707 853 1748 hoc
876 1716 1087 1762 oportune
1109 1708 1332 1763 providere
1354 1710 1408 1750 de
1427 1710 1624 1765 benigni-

95 1775 184 1807 tate.
205 1765 441 1820 apostolica
462 1764 751 1819 dignaremur.
832 1765 923 1806 Nos
960 1765 1103 1822 igitur,
1137 1765 1381 1821 hujusmodi
1413 1770 1626 1824 supplica-

95 1823 288 1864 cionibus
322 1823 525 1872 inclinati,
562 1831 609 1863 ut
643 1837 1007 1879 quorumcumque
1039 1825 1112 1879 qui
1142 1832 1231 1865 tum
1254 1825 1308 1866 de
1330 1826 1495 1880 gremio
1518 1827 1622 1869 dicti

99 1881 281 1935 Collegii
302 1881 460 1923 fuerint
490 1895 568 1935 pro
590 1888 783 1936 tempore
805 1880 847 1921 in
870 1880 984 1923 dicto
1009 1881 1204 1939 Collegio
1226 1883 1540 1936 decedentium,
1574 1901 1624 1927 ac

94 1955 213 1981 suam
247 1940 506 1995 sepulturam
545 1938 586 1978 in
623 1939 787 1993 capella
819 1939 1010 1994 praesata,
1039 1955 1111 1981 seu
1146 1942 1234 1996 ejus
1262 1942 1483 1993 vestibulo,
1507 1944 1624 1999 quod

94 1997 242 2048 eciam,
266 2007 312 2039 ut
343 1997 555 2046 asseritur,
589 2006 881 2039 consecratum
903 1998 1061 2048 existit,
1085 1998 1348 2053 eligentium,
1368 2015 1551 2056 corpora
1581 2002 1623 2044 in

94 2056 254 2097 eisdem
276 2055 439 2111 capella
459 2065 502 2097 et
523 2055 735 2096 vestibulo
767 2055 1063 2098 ecclesiasticae
1095 2056 1323 2112 sepulturae
1346 2059 1468 2110 tradi,
1495 2060 1625 2102 Ordi-

94 2114 200 2155 narii
220 2114 302 2155 loci
325 2123 366 2155 et
387 2116 689 2170 cujuscumque
712 2113 881 2155 alterius
912 2114 1091 2156 licencia
1113 2130 1239 2170 super
1260 2116 1341 2157 hoc
1363 2117 1535 2159 minime
1557 2133 1623 2159 re-

94 2173 263 2228 quisita,
296 2172 427 2213 libere
450 2180 494 2212 et
515 2171 628 2213 licite
651 2171 833 2222 valeant,
863 2172 1041 2213 Custodi
1066 2172 1292 2214 lWonachis
1317 2174 1557 2216 scolaribus
1579 2186 1622 2217 et

94 2229 403 2271 successoribus
443 2228 668 2270 antedictis
709 2229 963 2271 auctoritate
994 2231 1239 2285 apostolica,
1268 2241 1417 2273 tenore
1440 2247 1624 2287 praesen-

96 2287 222 2338 cium,
262 2288 315 2328 de,
352 2287 522 2342 speciali
543 2288 679 2340 gratia
711 2287 989 2341 indulgemus.
1050 2289 1154 2329 Jure
1188 2297 1326 2330 tamen
1349 2291 1622 2345 parrochialis

93 2347 301 2395 ecclesiae,
341 2355 383 2385 et
418 2344 641 2398 cujuslibet
674 2344 846 2386 alterius
879 2345 994 2396 alias,
1027 2345 1066 2387 in
1089 2347 1282 2388 omnibus
1304 2362 1472 2404 semper
1492 2349 1620 2391 salvo.

97 2403 215 2445 Nulli
237 2418 337 2459 ergo
360 2403 548 2452 omnino,
570 2411 652 2444 etc.
