1807 2962
170 106 357 142 CCCXXX
483 103 619 140 HIST.
647 103 883 137 DUNELM.
912 104 1221 137 SCRIPTORES
1249 105 1390 138 TRES.

167 214 454 264 manduce‘nt3
477 229 525 256 ac
547 214 588 254 in
611 212 679 254 die
701 211 929 261 dominico,
954 211 1127 267 quando
1150 211 1193 253 in
1215 213 1404 254 secunda
1420 211 1523 254 feria
1538 209 1706 255 Natalis

169 272 347 314 Domini
364 272 562 322 occurrit,
581 270 764 327 piscibus
781 270 1075 320 vescebantur,
1094 284 1143 310 ac
1161 279 1386 325 propterea
1403 285 1487 312 non
1505 272 1641 312 solum
1663 274 1707 312 in

162 332 354 385 personis
375 331 451 372 sed
471 331 606 372 eciam
628 329 669 369 in
691 328 817 370 bonis
838 327 1020 383 plurima
1040 328 1315 382 patiebamini
1332 328 1629 377 incommoda3
1662 339 1706 370 et

165 403 263 430 cum
295 390 338 430 in
360 388 476 430 dicto
500 386 767 430 Monasterio
800 385 1108 442 quinquaginta
1141 386 1206 427 vel
1243 386 1355 427 circa
1386 385 1573 440 religiosi
1603 386 1704 428 dicti

167 446 340 488 Ordinis
358 454 741 495 commorarentur,
764 459 845 485 nec
868 443 978 485 infra
999 443 1154 485 limites
1171 443 1281 485 illius
1298 444 1393 485 loca
1414 445 1597 485 multum
1610 459 1708 499 spa-
1762 473 1763 476 =

165 503 280 546 ciosa
293 519 370 559 pro
387 503 693 545 deambulandi
708 501 919 543 exercicio
931 502 1201 552 haberentur,
1219 502 1466 557 plerumque
1484 501 1706 544 accidebat

164 563 282 618 quod
304 577 360 603 ex
381 560 672 617 intemperatis
690 559 857 601 cibariis
875 558 1117 614 hujusmodi
1136 559 1259 601 variis
1277 560 1626 615 opprimebantur
1641 559 1707 601 in-

163 620 451 669 firmitatibus,
486 619 637 675 quibus
674 618 783 659 adeo
815 618 1110 659 reddebantur
1144 617 1382 672 indispositi
1405 626 1451 658 ut
1486 632 1512 658 a
1551 616 1704 659 divinis

164 678 325 729 officiis,
349 677 533 719 maxime
555 692 581 719 a
608 676 827 717 missarum
849 674 1140 717 celebracione
1161 676 1479 717 retraherentur
1501 691 1512 725 ;
1544 675 1587 716 in
1618 690 1704 717 non

162 736 381 778 modicum
403 735 535 777 divini
557 735 694 777 cultus
727 732 1073 783 diminucionem,
1112 742 1156 774 et
1191 748 1466 788 personarum
1488 732 1702 788 religiosa·-

162 809 258 835 rum
276 794 377 836 inibi
399 793 646 851 degentium
669 791 971 834 detrimentum
989 790 1148 846 pariter
1164 800 1208 833 et
1225 806 1454 846 gravamen
1473 807 1484 840 3
1507 807 1556 833 ac
1573 791 1701 833 etiam

163 852 243 908 ipsi
268 852 494 902 Nicholao,
517 849 834 906 praedecessori,
858 849 1099 904 subjuncto,
1123 849 1240 905 quod
1261 865 1287 891 a
1307 849 1379 890 diu
1401 849 1445 890 in
1463 848 1579 891 dicto
1604 849 1704 890 Nso—

161 910 348 952 nasterio
369 909 642 951 laudabiliter
661 909 800 950 fuerat
817 908 1088 949 observatum
1109 907 1225 963 quod
1247 906 1289 948 in
1315 906 1457 961 vigilia
1480 906 1704 949 Festivita-

162 969 214 1010 tis
235 969 453 1024 praedictae
475 967 746 1023 quamplures
763 980 979 1020 personas,
1010 977 1098 1007 tam
1128 964 1290 1006 nobiles
1312 980 1437 1021 quam
1460 965 1576 1015 alias,
1597 966 1703 1006 invi-

163 1036 272 1068 tatas
294 1025 541 1075 habebatis3
565 1034 607 1067 et
628 1039 724 1066 cum
745 1024 902 1065 festum
922 1023 1167 1078 hujusmodi
1188 1023 1232 1064 in
1253 1023 1369 1066 dicta
1389 1023 1576 1064 secunda
1596 1023 1703 1066 feria

164 1086 350 1127 occurrit
364 1084 406 1126 in
420 1083 490 1125 die
504 1082 720 1124 dominico
734 1081 983 1123 immediate
999 1080 1258 1135 praecedenti
1272 1081 1437 1123 invitati
1451 1081 1646 1123 carnibus
1659 1092 1702 1123 et

163 1143 348 1201 religiosi
381 1142 562 1197 piscibus
585 1140 874 1190 vescebantur,
898 1154 954 1180 ex
976 1139 1167 1181 ciborum
1189 1139 1436 1195 disparitate
1458 1139 1699 1195 hujusmodi

162 1201 389 1257 plurimum
413 1198 703 1255 gravabamini
726 1198 767 1239 in
789 1197 1011 1253 expensis3
1042 1213 1121 1253 pro
1158 1208 1278 1253 parte
1300 1207 1439 1240 vestra
1460 1197 1598 1239 eidem
1622 1198 1701 1240 Ni-

163 1260 285 1301 colao
317 1257 621 1314 praedecessori
657 1257 736 1298 fuit
784 1255 1000 1297 humiliter
1035 1256 1333 1311 supplicatum,
1370 1264 1417 1297 ut
1453 1271 1581 1312 super
1619 1256 1699 1298 hiis

160 1327 369 1373 oportune
383 1316 608 1373 providere
630 1315 685 1357 de
705 1314 971 1369 benignitate
987 1314 1223 1370 apostolica
1239 1314 1489 1372 dignaretur
1503 1329 1515 1364 3
1547 1315 1700 1370 praefa-

157 1384 225 1418 tus
244 1375 373 1431 igitur
400 1374 631 1416 Nicholaus
652 1373 950 1429 praedecessor,
974 1372 1101 1414 statui
1119 1381 1162 1415 et
1177 1372 1525 1415 indemnitatibus
1548 1374 1698 1415 vestris

159 1434 203 1476 in
237 1433 462 1490 praemissis
495 1431 784 1474 favorabiliter
805 1430 1025 1473 consulere
1058 1431 1244 1487 cupiens,
1267 1431 1508 1487 hujusmodi
1525 1447 1696 1488 quoque

160 1491 542 1548 supplicacionibus
564 1489 802 1540 inclinatus,
826 1490 905 1531 sub
923 1489 1023 1531 data
1044 1489 1128 1531 diei
1150 1504 1263 1530 nono
1280 1489 1484 1531 kalendas
1510 1489 1699 1531 Novem-

159 1551 261 1602 bris,
296 1550 568 1606 pontificatus
590 1549 654 1590 sui
675 1564 788 1590 anno
812 1556 976 1598 octavo,
995 1547 1115 1590 vobis
1139 1547 1277 1590 Priori
1299 1556 1343 1589 et
1360 1557 1444 1590 tam
1468 1548 1698 1602 praesiden-

160 1609 275 1652 tibus
293 1624 420 1666 quam
443 1608 533 1650 aliis
558 1607 785 1649 Monachis
810 1606 1065 1648 Monasterii
1086 1621 1135 1648 ac
1156 1606 1349 1648 locorum
1371 1606 1694 1662 praedictorum,

160 1667 445 1724 praesentibus
482 1675 525 1708 et
546 1665 711 1716 futuris,
736 1675 782 1707 ut
796 1665 926 1720 juxta
953 1666 1082 1706 ritum
1115 1673 1159 1706 et
1182 1664 1494 1706 observantiam
1516 1665 1696 1707 aliorum

160 1726 522 1768 Monasteriorum
550 1724 668 1779 regni
694 1723 877 1778 Angliae,
901 1723 1061 1764 ordinis
1082 1723 1340 1778 hujusmodi,
1364 1723 1514 1779 quibus
1536 1723 1695 1766 similes

156 1784 467 1834 concessiones,
490 1792 539 1825 ut
559 1781 822 1832 asserebatis,
842 1797 867 1823 a
893 1781 1006 1823 Sede
1027 1781 1273 1836 Apostolica
1293 1781 1418 1823 factae
1435 1782 1692 1833 existebant,

158 1843 255 1885 loco
277 1843 532 1884 cibariorum
554 1849 598 1882 et
619 1840 912 1882 ferciturarum
935 1839 1177 1894 hujusmodi
1199 1854 1225 1880 a
1260 1839 1329 1881 die
1351 1839 1564 1881 dominico
1589 1841 1694 1895 Sep-

159 1900 408 1956 tuagesimae
430 1914 564 1956 usque
586 1899 641 1940 ad
663 1898 773 1939 diem
797 1897 1055 1938 dominicum
1078 1897 1452 1954 Quinquagesimae
1474 1898 1689 1949 inclusive,

158 1959 258 2014 ipsis
282 1958 479 2000 videlicet
512 1956 750 2006 dominicis,
785 1956 912 2005 lunae,
950 1956 1096 1996 martis
1137 1964 1180 1997 et
1212 1955 1324 2012 jovis
1353 1955 1516 2006 diebus,
1540 1956 1693 2012 quibus

156 2016 316 2059 cibaria
335 2015 542 2072 praedicta
577 2013 845 2055 commedere
867 2014 1194 2063 consueveratis,
1219 2028 1385 2055 necnon
1405 2013 1448 2054 in
1465 2014 1534 2056 die
1556 2014 1692 2056 domi-

156 2075 254 2117 nico
287 2073 511 2130 praedicto,
550 2087 680 2129 quum
725 2071 766 2112 in
803 2071 989 2113 secunda
1021 2071 1126 2113 feria
1166 2070 1281 2112 dicta
1314 2071 1477 2113 Natalis
1512 2072 1691 2114 Domini

152 2133 356 2175 festivitas
379 2139 634 2181 occurreret,
653 2129 888 2171 dummodo
919 2129 1035 2171 aliud
1067 2130 1319 2171 canonicum
1342 2145 1426 2171 non
1448 2130 1688 2182 obsisteret,

154 2201 280 2234 extra
297 2200 439 2233 tamen
470 2188 754 2239 refectorium,
791 2203 938 2229 carnes
963 2196 1037 2229 aut
1065 2187 1307 2242 hujusmodi
1339 2188 1510 2240 cibaria,
1535 2188 1688 2245 quibus

152 2250 232 2306 ipsi
254 2249 420 2292 invitati
437 2248 729 2297 vescebantur,
748 2246 1018 2288 commedere
1039 2246 1171 2288 libere
1189 2245 1357 2288 etlicite
1373 2256 1560 2302 possent,
1580 2262 1689 2302 prae-

152 2309 286 2350 missis
308 2323 356 2350 ac.
378 2305 757 2350 constitucionibus
789 2312 833 2346 et
869 2304 1212 2346 ordinacionibus
1245 2305 1486 2360 apostolicis
1520 2320 1688 2347 necnon

149 2367 317 2409 statutis
338 2374 382 2408 et
403 2363 781 2407 consuetudinibus
804 2362 1065 2405 Monasterii
1097 2371 1141 2404 et
1179 2363 1352 2404 Ordinis
1383 2363 1685 2418 praedictorum

145 2427 404 2481 juramento,
447 2422 775 2465 confirmacione
807 2421 1051 2476 apostolica,
1088 2421 1154 2462 vel
1192 2421 1338 2477 quavis
1369 2421 1571 2463 firmitate
1602 2422 1686 2464 alia

149 2483 371 2533 roboratis,
395 2495 661 2538 nequaquam
685 2480 966 2530 obstantibus,
989 2479 1243 2521 auctoritate
1264 2480 1511 2534 apostolica,
1535 2488 1685 2522 tenore

150 2556 320 2583 suarum
341 2540 374 2581 si
396 2540 578 2594 desuper
594 2538 800 2580 confectae
829 2537 1004 2579 fuissent
1024 2538 1276 2588 litterarum,
1300 2537 1354 2578 de
1376 2537 1545 2593 speciali
1567 2538 1683 2580 dono

148 2601 302 2655 graciae
325 2598 532 2640 concessit
553 2597 711 2653 pariter
732 2605 775 2637 et
797 2595 981 2637 indulsit.
1043 2596 1111 2636 Ne
1147 2604 1290 2637 autem
1323 2595 1376 2637 de
1409 2595 1682 2638 concessione

148 2666 193 2699 et
216 2657 381 2699 indulto
401 2654 656 2712 hujusmodi,
690 2669 769 2710 pro
791 2670 843 2696 eo
864 2654 981 2710 quod
1002 2668 1128 2708 super
1150 2653 1230 2695 illis
1252 2653 1355 2695 dicti
1386 2653 1551 2695 Nicolai
1573 2669 1682 2709 prae-

148 2715 382 2757 decessoris
400 2714 552 2756 litterae
575 2713 663 2767 ejus
680 2712 1006 2767 superveniente
1023 2711 1141 2753 obitu
1165 2711 1368 2753 confectae
1390 2727 1474 2753 non
1496 2711 1678 2761 fuerunt,

148 2774 286 2816 valeat
309 2771 632 2830 quomodolibet
654 2770 864 2820 haesitar13
890 2770 1081 2812 volumus
1103 2779 1146 2812 et
1164 2770 1415 2812 auctoritate
1430 2770 1677 2825 apostolica,
