1807 2962
478 71 750 104 'ROBERTUS
777 72 844 103 DE
870 72 1208 107 GRAYSTANES.
1548 69 1610 116 91

74 197 158 240 per
189 182 327 238 ipsum
354 194 433 236 per
456 179 716 235 Episcopum
738 180 922 223 admisso
943 190 987 223 et
1009 181 1217 232 instituto,
1241 182 1406 238 capella
1426 183 1618 228 indotata

84 238 298 284 remansit.
347 239 547 280 Castrum
564 239 619 280 de
639 239 866 280 Sumerton
875 239 1005 294 juxta
1022 239 1292 282 Lincolniam
1309 249 1353 283 et
1371 242 1617 285 Manerium

85 300 139 341 de
159 297 335 352 Eltham
342 297 472 352 juxta
486 297 759 338 Londoniam
773 297 1053 339 curiosissime
1070 298 1298 340 aedificavit
1313 315 1325 349 3
1347 300 1423 341 sed
1436 302 1618 356 primum

88 356 201 414 Regi
223 355 519 398 etsecundum
543 355 722 411 Reginae
735 364 893 411 postea
913 356 1107 398 contulit.
1171 356 1271 399 Rex
1293 372 1394 400 vero
1416 360 1502 401 cito
1522 369 1620 415 post

88 417 287 458 Castrum
308 414 362 456 de
387 415 615 456 Somerton
645 413 837 455 Henrico
859 414 913 456 de
936 414 1061 456 Bello
1085 414 1239 457 Monte
1261 416 1450 462 donavit.
1516 419 1621 460 Cas-

88 484 202 516 trum
233 473 288 514 de
329 471 554 527 Alnewyk,
587 473 703 528 quod
744 473 784 514 ei
824 472 889 515 W.
928 472 983 514 de
1025 472 1151 514 Vesci
1191 474 1443 525 contulerat,
1486 478 1621 518 confi-

78 533 194 574 ..dens
227 531 279 572 -in
306 545 368 571 eo
403 530 517 587 quod
549 529 657 571 illud
692 530 748 572 ad
780 545 886 585 opus
922 531 997 572 filii
1030 530 1094 572 sui
1128 532 1295 587 parvuli
1328 541 1371 575 et
1411 533 1621 590 illegitimi

88 589 170 633 W.
199 597 482 639 conservaret,
510 595 559 630 et
589 587 629 630 ei
660 588 809 630 adulto
837 589 1038 640 traderet,
1061 599 1238 646 accepta
1257 592 1453 646 pecunia,
1480 592 1544 634 H.
1567 593 1621 635 de

91 648 229 704 Percy
260 645 465 690 vendidit.
530 645 717 689 Insulam
748 647 803 688 de
836 647 1000 690 Manne
1031 663 1165 705 usque
1192 649 1248 690 ad
1270 649 1498 691 terminum
1522 650 1621 692 vitae

80 720 145 747 ex
175 706 294 747 dono
328 704 461 761 Regis
491 704 656 749 habuit.
718 704 921 747 Mortuus
953 715 1017 748 est
1041 706 1155 762 apud
1178 707 1366 759 Eitham,
1389 723 1505 751 anno
1528 709 1622 751 Do-

84 763 193 805 mini
227 776 349 805 Mccc
386 761 569 814 decimo,
602 764 730 805 tertio
758 762 835 805 die
872 763 1039 816 Martii,
1078 779 1224 807 xxvm
1251 780 1363 807 anno
1402 768 1621 823 episcopa-

89 831 158 864 tus
189 821 266 872 sui,
299 821 610 877 patriarchatus
640 836 743 863 vero
766 821 938 879 quinto,
967 831 1012 864 et
1041 823 1231 879 sepultus
1262 824 1306 865 in
1329 825 1508 867 ecclesia
1530 825 1624 868 Du-

90 879 310 929 nelmensi,
343 888 493 921 contra
522 894 685 921 morem
716 881 1077 936 praedecessorum
1108 895 1296 932 suorum,
1327 883 1369 924 in
1391 884 1534 926 fronte
1557 900 1625 927 ec-

82 937 230 980 ssclesiae
269 938 330 980 ad
369 936 656 994 aquilonalem
691 949 876 994 partem,
920 940 964 981 in
1005 939 1115 981 festo
1160 941 1424 983 Inventionis
1465 952 1623 985 sanctae

89 995 247 1038 Crucis
282 996 481 1051 proximo
514 1005 732 1052 sequente,
772 1000 842 1049 [ut
872 997 1012 1039 adhuc
1042 1001 1198 1053 patet,]
1230 1014 1326 1041 cum
1348 1000 1446 1042 satis
1467 1015 1624 1057 magno

84 1055 268 1096 honore.
344 1055 466 1097 Ante
504 1053 627 1095 illum
669 1054 798 1105 enim,
840 1055 897 1097 ob
937 1058 1220 1098 reverentiam
1262 1059 1450 1114 corporis
1492 1060 1625 1103 sancti

86 1112 337 1162 -Cuthberti,
361 1127 449 1153 non
469 1121 535 1154 est
548 1114 796 1168 permissum
814 1128 966 1169 corpus
988 1126 1202 1157 mortuum
1220 1115 1386 1172 ingredi
1403 1118 1625 1160 ecclesiam

94 1171 448 1213 Dunelmensem.
510 1171 567 1213 Et
603 1170 794 1227 quamvis
834 1171 914 1213 iste
958 1172 1197 1229 Episcopus
1238 1176 1624 1230 sumptuosissimus

93 1229 231 1271 suerat
263 1228 305 1269 in
331 1228 534 1279 aedificiis,
558 1238 777 1284 apparatu,
801 1229 961 1272 familia
981 1240 1023 1273 et
1044 1231 1150 1283 aliis,
1174 1242 1366 1274 mortuus
1388 1244 1451 1275 est
1481 1243 1624 1277 tamen

86 1288 226 1338 dives),
250 1296 294 1328 et
316 1286 465 1341 plenus
495 1287 631 1337 bonis,
656 1287 869 1343 lapidibus
890 1290 1104 1344 preciosiS,
1129 1290 1236 1330 vasis
1259 1292 1482 1345 argenteis,
1506 1295 1626 1349 equis

94 1356 137 1387 et
159 1346 342 1388 vestibus
365 1346 565 1400 preciosis
582 1346 621 1395 3*
644 1345 686 1386 in
708 1345 859 1402 quibus
881 1348 1064 1389 moriens
1087 1348 1200 1390 ultra
1220 1364 1368 1390 omnes
1390 1350 1627 1405 praedeces-

85 1419 209 1446 >sores
241 1418 340 1445 suos
367 1403 587 1446 ecclesiam
609 1403 944 1448 Diunelmensem
964 1405 1207 1458 honoravit,
1232 1416 1274 1449 et
1294 1407 1356 1449 sui
1377 1410 1625 1452 memoriam

88 1463 306 1504 vcelebrem
327 1460 466 1512 fecit.†

213 1597 343 1639 *PRO
369 1609 725 1638 ExECUTomB-ns
745 1609 1039 1639 TESTAMENTI
1062 1611 1256 1640 ANToNn
1280 1612 1510 1645 QUONDAM

183 1666 186 1668 ·
745 1655 971 1697 DUNELM’.

528 1746 625 1779 Row.
645 1745 723 1778 PAT
756 1748 788 1777 5.
805 1744 908 1777 Enw.
924 1757 965 1778 11.
982 1758 1012 1791 p.
1030 1749 1051 1780 i.
1077 1758 1121 1780 m.
1139 1751 1194 1781 20.

141 1824 223 1858 Rex
250 1826 408 1858 omnibus
436 1825 476 1858 ad
506 1835 600 1868 quos,
628 1828 693 1857 etc.
722 1823 880 1857 salutem.
931 1825 1107 1859 Noveritis
1131 1837 1191 1859 nos
1224 1828 1333 1861 teneri
1373 1828 1627 1865 Executoribus

97 1871 314 1904 Testamenti
332 1870 478 1903 Antonii
494 1870 664 1913 quondam
681 1869 828 1912 episcopi
844 1870 1089 1904 Dunolmensis
1113 1871 1268 1905 defuncti
1284 1874 1318 1905 in
1336 1874 1432 1907 mille
1448 1879 1627 1910 trescentis

89 1921 219 1959 «quater
245 1916 370 1960 viginti
395 1920 432 1948 et
457 1926 520 1948 sex
543 1915 638 1948 libris
663 1914 843 1948 tresdecim
867 1915 981 1949 solidis
1004 1921 1040 1949 et
1064 1922 1212 1959 quatuor
1228 1918 1374 1951 denariis
1391 1931 1451 1962 pro
1467 1921 1574 1964 ciphis
1590 1927 1627 1955 et

89 1961 172 1994 κ01115
197 1963 320 1999 aureis,
347 1962 516 2001 tentoriis,
541 1965 578 1993 et
594 1971 663 1993 uno
686 1971 799 2004 panno
822 1961 988 1994 broudato
1013 1963 1054 1994 ab
1070 1963 1151 2005 ipsis
1174 1963 1429 1998 Executoribus
1445 1967 1569 2009 emptis
1585 1968 1628 2000 ad

98 2017 183 2049 opus
198 2010 365 2045 nostrum,
391 2005 563 2038 solvendis
576 2006 703 2038 eisdem
732 2006 997 2045 Executoribus,
1015 2017 1084 2040 una
1100 2006 1261 2041 videlicet
1284 2009 1469 2043 medietate
1483 2012 1519 2043 in
1541 2012 1628 2046 festo

98 2051 349 2084 Purificationis
379 2051 423 2083 B.
453 2051 580 2084 Mariae
605 2052 761 2095 Virginis
780 2052 933 2093 proximo
959 2052 1090 2093 futuro,
1116 2057 1153 2086 et
1179 2053 1245 2086 alia
1268 2055 1454 2089 medietate
1476 2057 1512 2088 in
1538 2057 1629 2091 festo

96 2096 300 2130 Nativitatis
317 2097 351 2130 S.
366 2097 392 2129 J
395 2097 536 2129 ohannis
560 2097 731 2139 Baptistae
747 2097 907 2139 proximo
923 2099 1089 2140 sequenti.
1136 2099 1182 2132 In
1198 2099 1308 2143 cujus,
1324 2105 1388 2134 etc.
1407 2100 1513 2136 Teste
1530 2102 1627 2148 Rege

90 2142 185 2185 <apud
203 2142 362 2176 London.
379 2152 505 2175 xxv111
521 2141 577 2175 die
593 2142 756 2186 Augusti.

435 2221 516 2254 PER
533 2220 683 2254 Binum
700 2221 918 2254 INGELARm
935 2222 1128 2255 Cos-roms
1145 2222 1386 2257 GARDEROBAE
1404 2225 1532 2259 REeis.

325 2359 349 2398 †
370 2355 541 2392 Dimum
558 2355 692 2389 Wuzs
710 2354 775 2389 and
794 2356 1073 2390 INVENTORIES.
1098 2356 1162 2391 No.
1181 2367 1267 2391 x111.
1284 2369 1316 2401 p.
1347 2361 1398 2391 12.
