1807 2962
193 35 386 83 ccccxvi
539 48 670 81 msT.
697 48 930 83 DUNELM.
955 48 1255 83 scmPTomzs
1281 46 1416 82 rans,

193 165 288 199 atur
321 157 442 199 Deus
476 156 666 198 Deorum
694 157 736 197 in
762 157 891 211 Syon.
960 156 1078 197 Sicut
1099 155 1142 196 in
1169 156 1294 197 sacris
1317 156 1558 198 continetur
1589 155 1721 198 literis

197 214 384 257 Romani
433 214 643 269 principes
689 213 910 255 nobilitate
957 213 1192 254 animorum
1235 229 1491 270 quamquam
1541 214 1721 267 gentiles

192 288 344 328 pacem
376 272 697 327 amiciciamque
739 271 794 312 ad
840 279 1090 326 perpetuam
1132 271 1381 312 memoriam
1423 271 1576 313 tabulis
1614 271 1720 312 ereis

193 345 273 385 pro
293 329 509 394 republica
529 328 720 370 confidei
723 343 774 369 ax
777 343 820 369 01
824 338 899 369 unt
930 343 1026 369 cum
1052 328 1327 370 Machebeis·
1317 360 1327 377 ,
1360 343 1459 384 ymo
1481 338 1527 369 ut
1549 328 1721 370 dilectio

195 388 283 430 Dei
305 386 571 443 proximique
593 387 714 428 firma
744 394 788 427 et
810 395 1007 427 constans
1030 386 1140 427 inter
1165 386 1374 436 Hebreos,
1399 387 1484 427 Dei
1506 386 1722 449 quondam

196 445 352 486 electos
374 445 567 499 populos,
586 444 761 499 vigeiet,
785 444 938 485 tabulis
959 443 1095 485 saxeis
1114 443 1226 485 idem
1245 444 1364 485 Deus
1385 444 1523 500 legem
1547 442 1723 483 tradidit

198 502 369 567 Moysi3
401 501 605 558 quinymo
638 510 681 543 et
722 501 954 542 novissimis
986 501 1134 543 diebus
1171 501 1273 551 istis,
1308 510 1356 542 ut
1387 515 1526 542 ve1101
1558 501 1721 541 0010101·

196 559 417 615 cariorque
440 560 565 601 fieret
595 559 798 609 amicicia,
833 559 1075 624 concordia,
1097 558 1296 615 pacisque
1318 558 1612 600 confederacio
1637 557 1721 599 Dei

196 626 239 659 et
273 618 458 672 proximi
489 632 575 658 non
611 617 718 658 eleis
752 616 940 658 saxeisve
971 617 1141 667 tabulis,
1178 627 1251 658 aut
1285 617 1430 666 literis,
1454 617 1529 658 sed
1567 615 1721 656 tabulis

197 674 338 716 cordis
369 674 504 716 nostri
538 674 749 715 Dominus
780 675 918 724 Jesus,
953 675 1040 717 Dei
1071 676 1202 730 patris
1226 673 1479 729 unigenitus,
1512 672 1721 714 conscribi

196 732 345 782 voluit,
370 741 417 773 ut
438 731 588 773 soliciti
611 747 667 773 ex
687 732 912 773 vivacitate
944 732 1163 773 affectuosi
1185 732 1323 773 cordis
1345 746 1606 773 servaremus
1630 730 1724 772 uni-

196 798 325 831 tatem
343 789 511 844 spiritus
533 790 574 830 in
591 790 759 830 vinculo
775 789 902 844 pacis,
920 790 1033 845 quin,
1054 798 1099 830 ut
1120 790 1178 831 ait
1195 791 1414 844 scriptura,
1433 788 1548 829 beati
1567 788 1722 829 erimus

195 847 229 888 si
258 847 449 888 amicicia
470 847 659 889 decorati
680 848 833 896 simus3
863 862 942 902 per
963 862 1150 888 amorem
1174 847 1286 888 enim
1308 846 1467 887 sociata
1488 855 1551 887 est
1572 845 1723 887 factori

197 919 274 945 suo
305 915 501 946 creatura
531 904 765 953 racionalis,
790 904 1011 959 solumque
1034 916 1095 945 est
1118 904 1355 945 dilectionis
1372 904 1585 945 vinculum
1607 903 1724 959 quod

195 962 301 1017 ligat
321 973 521 1018 utrosque
543 963 584 1002 in
608 961 681 1002 id
672 976 835 1016 ipsum3
858 972 902 1002 et
924 960 1112 1016 quamvis
1130 976 1256 1002 nemo
1274 961 1325 1002 sit
1343 961 1384 1002 in
1402 976 1557 1016 genere
1576 962 1724 1002 huma-

195 1035 266 1070 no,
309 1019 377 1060 cui
417 1035 502 1060 non
540 1019 731 1068 (11100010,
771 1019 851 1059 etsi
882 1033 968 1059 non
1004 1034 1083 1074 pro
1116 1027 1266 1061 mutua
1296 1019 1485 1069 caritate,
1521 1034 1598 1074 pro
1631 1019 1724 1074 ipsa

197 1086 342 1119 tamen
363 1077 599 1118 communis
621 1086 787 1117 naturae
809 1076 1010 1118 societate
1034 1077 1254 1127 debeatur,
1279 1077 1337 1117 hii
1360 1085 1503 1118 tamen
1520 1092 1594 1118 nos
1619 1076 1725 1117 mul-

198 1144 287 1176 tum
313 1135 513 1190 justeque
531 1134 746 1175 delectant
768 1149 793 1175 a
813 1133 965 1190 quibus
997 1133 1177 1175 vicissim
1199 1143 1343 1176 sancte
1366 1146 1563 1191 casteque
1585 1133 1726 1188 diligi-

194 1204 301 1233 mur.
369 1192 498 1234 Unde
529 1192 749 1246 pristinam
777 1201 935 1233 nostrae
957 1192 1160 1233 amiciciae
1183 1192 1577 1234 confederacionem
1599 1207 1724 1233 reno-

195 1265 311 1300 vare,
345 1258 488 1306 atque,
515 1251 644 1305 juxta
673 1249 894 1304 privilegia
924 1264 1001 1304 per
1032 1259 1342 1291 sacrosanctam
1376 1251 1518 1292 sedem
1553 1259 1724 1305 aposto-

195 1308 322 1349 licam
372 1307 493 1349 nobis
545 1316 587 1349 et
637 1307 777 1348 ordini
826 1317 974 1348 nostro
1026 1307 1205 1358 indulta,
1244 1317 1491 1349 renovatam
1521 1308 1724 1362 ampliare

195 1365 428 1420 cupienteS,
461 1365 536 1406 has
567 1380 711 1416 novas,
735 1365 834 1406 licet
855 1365 1047 1416 incultas,
1072 1380 1201 1421 super
1223 1375 1387 1407 veteres
1408 1366 1550 1408 literas
1572 1366 1626 1407 ad
1647 1379 1724 1406 vos

194 1423 407 1464 destinare
429 1422 681 1464 curavimus.
746 1423 849 1473 Nos,
867 1438 983 1478 ergo,
1002 1423 1317 1465 considerantes
1338 1424 1519 1465 liberum
1537 1425 1726 1465 animum

195 1490 382 1522 vestrum
414 1495 509 1522 cum
541 1481 730 1522 unanimi
762 1489 914 1522 vestrae
947 1481 1307 1523 confraternitatis
1339 1496 1545 1523 consensu
1569 1481 1611 1522 in
1632 1495 1722 1530 nos,

196 1539 540 1595 singularemque
576 1538 763 1580 caritatis
795 1539 996 1581 affectum
1027 1554 1112 1595 quo
1143 1554 1220 1581 nos
1253 1548 1294 1581 et
1318 1540 1510 1581 ordinem
1532 1547 1722 1580 nostrum

196 1596 497 1638 veneiabiliter
516 1596 704 1651 diligitis,
738 1611 902 1638 necnon
927 1597 1101 1638 sincerae
1124 1597 1369 1638 devocionis
1391 1597 1614 1646 seriorem,
1639 1611 1725 1652 quo

196 1663 354 1696 nostrae
396 1654 742 1719 congregacionis
775 1654 844 1710 pie
885 1655 1134 1697 desideratis
1171 1655 1465 1710 suffragimum
1500 1654 1724 1709 participes

194 1712 300 1763 fieri,
331 1712 569 1766 gratissimo
591 1727 731 1754 ammo
771 1722 1014 1768 pensantes,
1056 1713 1307 1754 auct01itate
1343 1712 1573 1768 apostolica
1603 1711 1725 1752 nobis

196 1770 375 1821 indulta,
400 1771 454 1811 ad
476 1770 670 1812 universa
692 1778 732 1811 et
755 1771 921 1827 singula
952 1771 1085 1813 nostri
1108 1770 1351 1813 monasterii
1373 1770 1608 1826 spiritualia
1628 1770 1727 1810 sub-

197 1828 304 1869 sidia
325 1829 365 1869 in
389 1829 489 1878 vita,
523 1843 598 1869 vos
625 1843 770 1870 omnes
797 1838 838 1869 et
869 1829 1070 1883 singuIOS,
1093 1838 1326 1883 praesentes
1363 1838 1406 1869 et
1438 1829 1614 1878 futuros,
1639 1836 1725 1868 tam

197 1886 240 1926 in
263 1886 378 1926 dicto
400 1886 496 1926 loco
527 1901 655 1942 quam
676 1887 718 1926 in
741 1886 935 1940 ejusdem
965 1886 1047 1928 loci
1084 1886 1363 1928 exterioribus
1401 1885 1529 1927 Cellis
1560 1885 1727 1926 confra-

197 1953 282 1984 tres
304 1943 528 1998 professos,
552 1953 704 1998 sponte
744 1952 872 1998 atque
913 1953 1131 1998 gratanter
1171 1943 1395 1998 recipimus
1427 1944 1587 1997 pariter
1608 1953 1651 1984 et
1681 1943 1725 1983 in

196 2011 348 2051 morte,
368 2001 534 2055 plenam
555 2001 673 2042 vobis
689 2000 1062 2056 participacionem
1081 2001 1314 2050 missarum,
1333 2001 1592 2050 oracionum,
1611 2015 1723 2056 prae-

197 2058 476 2108 dicacionum,
525 2058 894 2109 abstinenciarum,
921 2058 1196 2114 jejuniorum,
1245 2058 1496 2113 vigiliarum,
1531 2058 1724 2099 elemosi-

196 2131 363 2166 narum,
397 2116 690 2173 indulorenmai
695 2131 777 2166 um,
810 2125 1133 2172 ceteiorumque
1155 2117 1364 2157 bonorum
1389 2116 1724 2158 excerciciorum

197 2189 574 2230 qumumcumque,
619 2189 714 2230 quae
754 2189 830 2229 per
864 2189 939 2215 nos
973 2184 1016 2216 et
1058 2189 1315 2215 successores
1357 2182 1474 2215 nost1
1477 2189 1535 2225 os,
1569 2189 1617 2215 ac
1649 2189 1725 2228 per

197 2247 363 2272 sor·01es
385 2241 428 2273 et
446 2232 594 2274 fratres
613 2231 742 2272 nostri
761 2231 959 2281 ordinis,'
951 2248 993 2272 1n
1012 2241 1105 2274 toto
1123 2240 1328 2273 terrarum
1347 2232 1450 2273 orbe
1469 2231 1725 2298 temporibus

195 2289 413 2344 perpetuis
445 2289 608 2344 operari
642 2289 885 2343 dignabitur
919 2290 1150 2331 clemencia
1170 2289 1303 2331 sancti
1329 2290 1572 2340 Salv-atmis,
1596 2304 1728 2345 quan-

197 2357 288 2388 tum
312 2362 407 2388 cum
430 2349 519 2404 ejus
539 2347 805 2402 beneplacito
827 2362 1065 2403 possumus,
1091 2347 1277 2388 unanimi
1300 2348 1485 2388 omnium
1509 2348 1727 2389 voluntate

196 2414 240 2446 et
276 2405 462 2460 sinoulm
468 2420 535 2446 um
568 2405 702 2447 libere
743 2406 1036 2448 concedendo.
1125 2406 1345 2447 Addentes
1394 2414 1619 2460 plwaeteleffl
1673 2406 1726 2446 de

197 2462 522 2504 mansuetudine
555 2463 771 2518 singularI,
807 2463 923 2519 quod
964 2478 1059 2504 cum
1098 2463 1236 2504 obitus
1273 2471 1424 2512 1·05101,
1468 2478 1591 2519 quem
1633 2463 1727 2519 pius

197 2521 318 2562 Deus
340 2521 494 2575 dirigat
515 2520 594 2563 sibi
614 2536 664 2576 gl
666 2531 796 2572 atum,
820 2529 893 2562 aut
910 2521 1084 2587 alicujus
1106 2521 1325 2562 confratris
1344 2521 1469 2561 vestri
1492 2531 1727 2563 conventus

196 2578 319 2619 nobis
353 2579 419 2619 101
452 2579 760 2620 successoribus
792 2580 945 2620 nostris
976 2579 1101 2620 fuerit
1124 2579 1351 2628 intimatus,
1377 2593 1426 2619 ea
1447 2593 1524 2633 pro
1546 2578 1663 2620 vobis
1685 2589 1727 2621 et

199 2635 374 2690 singulis
409 2646 593 2678 vestrum
631 2638 673 2677 in
711 2636 827 2677 dicto
850 2646 995 2677 nostro
1017 2636 1273 2677 monasterio
1294 2637 1400 2677 fient
1422 2636 1559 2677 officia
1579 2637 1727 2677 suffra-

198 2694 378 2747 giorum,
403 2709 497 2750 quae
519 2710 596 2749 pro
617 2693 773 2736 nostris
796 2694 1074 2736 dilectissimis
1097 2693 1401 2750 carissimisque
1424 2695 1566 2736 anneis
1589 2694 1725 2735 fratri-
