1807 2962
190 81 421 130 cccx-cviii
559 96 695 129 fflsr.
723 95 959 128 nUNELm.
988 95 1295 128 scmeroans
1320 90 1460 129 Tuas.

186 219 274 246 sem
296 220 322 246 a
342 204 512 246 vinculo
529 218 613 260 quo
635 203 762 244 dictae
779 202 971 244 ecclesiae
994 201 1291 253 Dunelmensi,
1315 203 1382 243 cui
1405 210 1507 244 tunc
1528 212 1731 259 praeerat,

185 263 431 312 tenebatur,
466 262 520 303 de
542 261 747 302 similibus
770 261 946 301 consilio
981 270 1025 301 et
1057 261 1283 315 potestatis
1306 261 1569 315 plenitudine
1590 262 1730 303 absol——

188 330 350 370 ventes,
389 319 526 375 ipsum
563 319 618 360 ad
650 318 869 360 ecclesiam
907 316 1244 359 Wintoniensem
1277 327 1380 359 tune
1402 329 1651 369 vacantem,
1675 319 1730 361 de

187 378 421 419 eorundem
443 378 620 419 fratrum
635 375 824 426 consilio,
843 375 1100 417 auctoritate
1123 375 1357 429 apostolica
1372 377 1573 417 duximus
1595 387 1731 418 trans-

187 436 425 486 ferendum,
460 434 737 490 praeficiendo
779 434 916 489 ipsum
953 433 1014 474 illi
1054 433 1095 473 in
1128 432 1375 489 episcopum
1416 443 1460 475 et
1491 444 1731 489 pastorem,-

187 493 303 535 dicta
335 495 590 535 auctoritate
612 492 918 541 transtulimus,
941 492 1165 546 ipsumque
1187 491 1325 532 eidem
1347 491 1539 533 ecelesiae
1565 492 1730 533 Donet-⁴

186 551 319 592 mensi
345 551 601 606 praeficimus
630 549 672 591 in
696 549 956 605 Episcopum
979 558 1021 590 et
1045 558 1271 604 pastorem,
1296 564 1439 590 curam
1462 559 1503 591 et
1527 550 1729 591 adminis-

187 609 420 650 tracionem
443 608 572 664 ipsius
605 607 796 649 ecclesiae
830 606 1131 648 Dunel-mensis
1164 607 1242 648 sibi
1287 607 1329 647 in
1361 607 1653 663 spiritualibus
1685 618 1730 650 et

186 666 492 721 temporalibus
514 665 702 721 plenarie
735 665 1055 715 committendo,
1092 674 1218 719 prout
1249 664 1291 705 in
1322 665 1477 707 nostris
1507 665 1606 707 inde
1627 680 1730 706 con·

194 725 316 765 fectis
339 724 471 765 literis
493 724 657 779 plenius
679 723 936 766 continetur.
976 723 1190 771 Quocirca
1210 722 1461 763 discrecioni
1478 733 1631 764 vestrae
1653 739 1731 779 per

187 782 424 837 apostolica
455 784 611 837 scripta
643 781 907 831 mandamus,
941 780 1140 836 quatinus
1172 780 1310 821 eidem
1349 780 1587 822 Willielmo
1620 781 1731 835 epis-

187 855 285 894 op0,
319 849 521 896 tanquam
553 838 664 894 patri
692 848 735 879 et
767 839 926 893 pastori
963 838 1200 879 animarum
1230 846 1479 887 vestrarum,
1513 839 1729 880 humiliter

187 898 470 947 intendentes,
504 912 553 938 ac
585 896 838 937 exhibentes
863 897 943 936 sibi
964 896 1257 936 obedienciam
1281 904 1325 936 et
1347 897 1630 937 reverenciam
1655 897 1730 938 (le-

187 955 297 996 bitas
320 966 364 996 et
397 956 587 1004 devotaS,
622 955 717 1008 ejus
757 953 941 994 salubria
971 952 1133 994 monita
1163 952 1398 1008 suscipiatis
1433 962 1474 994 et
1511 955 1730 1004 mandata,

189 1029 326 1069 eaque
347 1013 564 1054 humiliter
595 1020 638 1052 et
669 1011 898 1052 efficaciter
930 1010 1165 1065 adimplere
1198 1010 1378 1052 curetis:
1411 1011 1599 1067 alioquin
1634 1027 1730 1053 sen-

190 1072 388 1120 tenciam,
413 1085 538 1126 quam
561 1068 672 1110 idem
702 1068 948 1109 Willielrnus
971 1067 1190 1123 episcopus
1211 1068 1291 1109 rite
1309 1069 1452 1110 tulerit
1473 1069 1514 1109 in
1532 1070 1725 1120 rebelles,

189 1140 324 1169 ratam
343 1128 606 1177 habebimus,
630 1139 673 1168 et
694 1126 911 1176 faciemus,
937 1135 1111 1167 auctore
1146 1126 1349 1177 Domino,
1373 1142 1507 1183 usque
1539 1128 1593 1168 ad
1611 1128 1729 1168 satis-

189 1186 428 1227 faccionem
469 1185 728 1241 condignam
768 1184 1068 1226 inviolabiliter
1124 1184 1350 1235 observari,
1398 1186 1515 1226 Data
1559 1186 1724 1235 Romae,

188 1244 306 1299 apud
339 1245 544 1286 Sanctum
571 1243 760 1292 Petrum,
786 1258 900 1284 anno
920 1241 1226 1283 incarnacionis
1245 1241 1486 1284 Dominicae
1504 1248 1589 1283 Μῐῐιο
1607 1244 1728 1299 quin-

187 1302 424 1356 gentesimo
456 1301 657 1352 secundo,
692 1301 842 1358 quinto
882 1301 1084 1342 kalendas
1116 1299 1234 1352 Julii,
1279 1302 1553 1356 pontificatus
1596 1301 1731 1342 nostri,

187 1375 300 1402 anno
322 1361 505 1403 decimo.

395 1633 523 1669 cccx,
557 1639 833 1668 INDENTURA
874 1634 964 1667 PRO
999 1637 1219 1667 JOHANNE
1251 1635 1518 1664 TILDESLEY.

789 1734 894 1778 [Reg.
912 1734 959 1766 V.
976 1733 998 1765 f.
1025 1734 1098 1774 70.]

247 1831 362 1873 Haec
384 1829 615 1871 indentura
634 1828 747 1869 facta
769 1828 877 1869 inter
899 1827 1128 1878 Thomarn,
1151 1826 1426 1883 permissione
1451 1827 1607 1869 Divina
1631 1828 1724 1869 Pri-

189 1904 307 1931 orem
324 1888 511 1930 ecclesiae
533 1886 786 1928 cathedralis
808 1886 1109 1927 Dunelmensis
1131 1895 1174 1927 et
1197 1887 1386 1940 ejusdem
1408 1886 1491 1926 loci
1525 1886 1724 1927 Conven-

187 1957 277 1989 tum
290 1962 344 1988 ex
355 1960 439 1987 una
452 1954 587 2000 parte,
605 1954 648 1984 et
661 1944 686 1984 J
690 1944 901 1984 ohannem
914 1943 1130 1998 Tildesley
1139 1953 1358 1984 cantorem
1373 1958 1425 1984 ex
1442 1943 1575 1984 altera
1584 1953 1720 1998 parte,

188 2013 380 2053 testatur,
404 2002 520 2058 quod
542 2002 653 2042 idem
675 2001 894 2042 Johannes
917 2010 981 2041 est
1002 2009 1195 2042 retentus
1218 2010 1261 2041 et
1283 2000 1463 2042 firmiter
1477 2001 1644 2054 juratus
1666 2002 1722 2042 ad

187 2062 414 2104 terminum
438 2060 550 2109 vitae,
575 2059 654 2100 sub
677 2059 812 2099 forma
834 2058 1127 2113 infrascripta3
1163 2058 1241 2101 viz.
1274 2059 1390 2114 quod
1422 2059 1536 2099 idem
1559 2059 1723 2100 Johan-

187 2134 263 2162 nes
289 2118 508 2172 Tildesley
522 2117 617 2157 illos
638 2116 868 2157 monachos
888 2116 1215 2165 Dunelmenses,
1240 2125 1282 2157 et
1304 2125 1402 2157 octo
1424 2126 1582 2171 pueros
1604 2131 1724 2158 secu-

187 2179 311 2228 lares,
335 2191 441 2232 quos
477 2174 602 2216 Prior
636 2173 937 2231 Dunelmensis
961 2174 1027 2215 vel
1060 2174 1147 2228 ejus
1182 2174 1409 2228 deputatus
1446 2174 1722 2228 assignaverit

187 2235 266 2277 sibi
301 2235 357 2276 ad
388 2232 654 2282 discendum,
685 2231 851 2273 assidue
875 2241 916 2273 et
939 2231 1168 2286 diligenter
1188 2247 1237 2273 ac
1260 2231 1423 2272 meliori
1458 2232 1601 2282 modo,
1635 2248 1722 2288 quo

188 2292 369 2342 sciverit,
393 2300 480 2332 tam
510 2291 564 2332 ad
596 2290 904 2331 modulandum
938 2304 1065 2345 super
1101 2304 1260 2344 organa
1295 2304 1420 2345 quam
1455 2290 1508 2331 ad
1545 2291 1722 2345 planum

187 2361 360 2393 cantum
382 2358 425 2391 et
457 2348 720 2406 organicum,
756 2347 917 2388 scilicet
953 2348 1206 2403 playnsong,
1241 2348 1452 2402 priknote,
1491 2348 1718 2399 faburdon,

186 2409 366 2458 discant,
389 2415 639 2455 swarenote‚
664 2414 706 2447 et
723 2414 914 2455 countre,
939 2414 1143 2461 quantum
1169 2406 1208 2445 in
1230 2407 1321 2460 ipso
1343 2415 1422 2455 est,
1444 2405 1572 2459 gratis
1603 2405 1724 2447 labo-

186 2466 297 2508 rabit
319 2474 362 2506 et
383 2464 642 2514 informabit,
675 2479 724 2504 ac
755 2463 959 2517 praefatos
989 2463 1218 2504 monachos
1256 2475 1298 2504 et
1335 2473 1433 2505 octo
1466 2478 1636 2518 puemS,
1673 2473 1720 2506 ut

186 2522 475 2581 praemittitur,
499 2530 650 2577 quater
671 2521 785 2561 omni
808 2521 877 2562 die
900 2520 1067 2570 feriato,
1101 2520 1302 2562 videlicet
1331 2522 1394 2562 bis
1417 2531 1517 2562 ante
1549 2521 1720 2562 meridi-

186 2597 255 2625 em
277 2591 320 2622 et
340 2580 403 2621 bis
426 2588 524 2631 post
547 2578 783 2628 meridiem,
807 2579 885 2619 nisi
908 2579 1097 2635 legithne
1129 2578 1356 2633 impeditus
1378 2579 1519 2630 fuerit,
1538 2578 1720 2633 diligen-

187 2649 250 2682 ter
290 2647 332 2680 et
373 2637 628 2678 sufficienter
664 2636 865 2685 docebit3
903 2651 1140 2691 eorumque
1161 2635 1386 2687 lecciones‚
1410 2645 1458 2677 ut
1478 2637 1718 2691 praefertur,

187 2696 348 2746 audiet,
372 2694 498 2736 nichil
521 2695 574 2735 ab
596 2695 656 2735 eis
678 2694 731 2735 de
752 2693 874 2735 dictis
897 2693 1086 2735 scienciis
1117 2694 1387 2735 occultando.
1481 2694 1720 2736 Tenebitur

188 2755 331 2810 itaque
353 2752 584 2808 praedictus
607 2752 825 2795 Johannes
848 2751 1041 2794 omnibus
1060 2761 1103 2793 et
1133 2751 1306 2807 singulis
1338 2751 1485 2802 missis,
1518 2751 1715 2808 vesperis,
