1807 2962
410 117 688 151 APrEN-mx.
729 116 848 149 ANN.
877 117 1229 152 Mccccxxxw.
1469 110 1607 156 ccxlv

61 237 158 265 cum
181 239 266 266 uno
288 238 388 280 pare
412 225 677 267 urceolarum
700 234 741 267 et
773 240 856 266 uno
878 226 1083 280 paxbred.
1149 228 1259 269 Item
1283 228 1378 284 lego
1403 230 1597 275 Hernico

60 283 116 324 de
155 283 349 339 Langley
387 298 515 325 uuam
549 284 675 324 ollam
704 283 866 337 argenti
900 284 1065 338 poteler
1087 285 1349 337 deauratam,
1374 300 1594 342 operatam

58 354 156 381 cum
199 356 281 382 una
320 341 424 382 turri
461 342 503 382 in
537 356 623 382 uno
658 343 845 396 turragio
881 355 1008 397 super
1030 345 1346 398 coopertorium
1384 348 1589 402 ejusdem,

57 408 187 453 prout
219 399 260 439 in
283 399 398 440 dicto
425 398 664 441 Iuventario
684 406 755 443 etc.
821 400 927 440 Item
953 400 1047 454 lego
1069 401 1252 443 Johanni
1280 404 1432 459 Barley
1456 420 1585 447 unum

55 457 227 511 ciphum
251 468 500 512 coopertum
522 457 687 512 argenti
709 457 914 501 deaurati.
996 459 1103 499 Item
1129 460 1225 514 lego
1254 460 1445 503 Roberto
1469 464 1588 505 Stro-

57 514 155 555 ther
176 529 305 556 unum
327 516 497 571 ciphum
520 524 769 570 coopertum
788 515 951 570 argenti
974 516 1057 557 albi
1075 532 1085 566 3
1118 518 1304 559 Johanni
1323 519 1434 577 Bary
1456 536 1587 563 unum

55 572 228 626 ciphum
255 573 418 627 argenti
441 573 540 622 albi,
565 585 608 614 et
633 573 872 614 willielmo
900 573 1052 616 Newes
1075 590 1204 616 unum
1227 577 1397 631 ciphum
1420 580 1586 633 argenti

52 630 151 679 albi,
168 631 298 686 juxta
319 631 621 672 discrecionem
646 640 920 671 executorum
946 647 1151 678 meorum.
1218 634 1326 675 Item
1351 636 1447 690 lego
1469 639 1588 679 culli-

51 687 126 729 bet
147 689 366 744 capellano
389 691 442 730 de
461 689 621 744 capella
640 704 733 730 mea
746 689 938 730 familiari
958 700 1148 745 tempore
1165 693 1313 734 mortis
1333 709 1438 736 meae
1458 711 1585 737 11113111

49 746 214 797 robam,
244 748 373 802 juxta
408 747 710 798 discrecionem
747 758 1025 788 executorum
1062 764 1268 793 meorum.
1338 752 1445 794 Item
1485 756 1583 796 volo

47 805 181 861 quod,
216 815 419 862 quantum
452 806 505 846 ad
535 821 586 846 ea
607 821 702 861 quae
724 816 820 847 sunt
842 805 964 846 michi
989 807 1134 848 debita
1155 824 1230 863 per
1250 819 1443 852 tenentes
1467 826 1582 855 meos

47 863 89 903 in
108 863 334 919 bondagio,
359 879 432 905 seu
456 864 578 905 aliter
599 864 653 904 ad
671 864 948 914 voluntatem,
975 865 1214 922 ubicunque
1237 868 1408 919 fuerint,
1429 885 1585 911 execu-

49 929 161 962 tores
195 922 279 963 mei
314 923 499 963 habeant
534 931 784 975 potestaten]
820 924 1063 964 remittendi
1086 924 1144 965 eis
1168 935 1331 980 partem
1357 927 1421 968 vel
1445 937 1583 971 totum

46 979 183 1020 debiti
217 980 422 1035 praedicti,
463 979 610 1021 habita
646 980 993 1022 consideracione
1031 981 1084 1023 ad
1119 998 1266 1024 eorum
1301 984 1501 1040 inopiam,
1538 998 1580 1029 et

45 1038 279 1079 secundum
313 1039 429 1094 quod
462 1038 559 1079 Deo
582 1038 712 1092 magis
735 1039 934 1093 placitum
959 1040 1062 1089 fore,
1087 1051 1130 1082 et
1151 1042 1275 1083 saluti
1298 1043 1451 1085 animae
1474 1060 1581 1086 meae

46 1096 178 1150 magis
211 1097 470 1138 crediderint
499 1097 715 1151 expedire.
777 1097 887 1138 Item
911 1097 1006 1151 lego
1028 1099 1207 1152 praefato
1229 1102 1579 1144 reverendissimo

44 1155 156 1208 patri
177 1154 361 1195 Johanni
386 1154 719 1210 Archiepiseopo
743 1155 1001 1196 Eboraceusi
1020 1157 1173 1198 librum
1194 1170 1388 1200 vocatum
1409 1164 1578 1215 Augus-

45 1212 156 1253 tinus
180 1212 233 1253 de
255 1213 441 1254 Civitate
467 1213 564 1262 Dei,
584 1213 935 1254 reverendissimo
958 1215 1065 1268 patri
1090 1215 1263 1257 domiuo
1283 1217 1343 1256 W.
1366 1217 1578 1273 Episcopo

46 1269 314 1312 Norwicenci
342 1271 494 1312 librum
520 1271 736 1312 meliorem
759 1281 952 1312 vocatum
981 1272 1165 1314 Moralia
1187 1274 1400 1327 Gregorii,
1426 1279 1578 1331 magis·

43 1336 111 1368 tro
150 1328 342 1370 Roberto
378 1330 574 1378 Rolston,
599 1329 763 1370 custodi
786 1344 950 1383 magnae
971 1332 1220 1384 garderol)ae
1243 1333 1402 1374 domini
1433 1334 1573 1392 Regis,

42 1385 170 1427 alium
217 1387 371 1428 librum
414 1397 608 1428 vocatum
655 1387 837 1428 Moralia
883 1387 1097 1442 Gregorii,
1143 1390 1345 1447 magistro
1386 1392 1574 1434 Johauni

45 1443 188 1486 Frank
206 1445 408 1500 magistro
423 1445 609 1486 Johanui
625 1444 887 1486 cancellariae
903 1446 1062 1487 domini
1085 1447 1210 1504 Regis
1227 1449 1323 1505 (sic)
1335 1449 1485 1491 librum
1504 1467 1577 1491 vo-

44 1512 186 1544 catum
206 1503 510 1553 Historiarum,
536 1503 709 1544 domiuo
730 1503 939 1544 Nicholao
968 1504 1244 1560 Wytnbbessli
1268 1522 1394 1548 unum
1420 1509 1575 1551 librum

39 1575 241 1616 magnum
278 1562 591 1603 Collectionum
620 1577 674 1602 ex
700 1562 837 1602 Libris
860 1562 1082 1603 beatorum
1107 1564 1313 1605 ι16101111111
1338 1576 1380 1607 61
1404 1568 1575 1624 Augus-

39 1618 132 1669 tini,
167 1619 351 1661 Johanni
394 1620 586 1661 Radcliff
615 1620 875 1661 thesaurario
913 1620 1086 1671 hospicii
1128 1623 1209 1664 mei
1247 1623 1399 1665 librum
1438 1629 1574 1666 conti-

37 1687 209 1719 nentem
246 1677 454 1732 Epistolas
485 1677 610 1718 Pauli
641 1677 839 1731 glosataS,
872 1678 1060 1719 Johanni
1103 1679 1275 1722 Neuton
1315 1683 1467 1723 rectori
1503 1700 1572 1726 66-

37 1735 179 1776 clesiae
217 1736 471 1791 parochialis
513 1736 566 1776 de
611 1736 774 1790 Bretby
808 1751 934 1790 super
977 1737 1128 1787 Wiske,
1167 1739 1295 1780 Ebor.
1340 1740 1481 1791 Dioc.,
1527 1743 1574 1783 li-

35 1793 160 1834 brum
193 1805 389 1835 vocatum
426 1793 592 1849 Pupilla
625 1794 807 1842 Occuli3
841 1804 968 1849 prout
1002 1810 1148 1837 omnes
1183 1797 1278 1838 libri
1309 1798 1572 1842 101ον61113-

35 1851 99 1892 rio
136 1867 232 1893 meo
269 1852 474 1907 praedicto
516 1851 679 1907 plenius
722 1851 1002 1896 intitulantur.
1087 1854 1198 1895 Item
1241 1856 1338 1912 lego
1379 1858 1570 1899 ecclesiae

34 1923 142 1950 meae
187 1911 315 1954 Cath.
356 1910 561 1952 Dunelm.
588 1909 923 1960 Diccionarium,
957 1911 1088 1952 tribus
1122 1913 1417 1963 voluminibus,
1444 1927 1570 1970 prout

35 1974 107 2009 etc.
170 1968 281 2010 Item
314 1968 411 2022 lego
443 1969 581 2010 eidem
614 1968 805 2009 ecclesiae
839 1984 945 2009 meae
977 1969 1130 2010 librum
1154 1983 1347 2012 vocatum
1374 1972 1571 2029 Notyng-

33 2025 131 2067 ham
177 2041 303 2082 super
344 2026 591 2081 Evangelia.
679 2026 786 2067 Item
828 2026 925 2082 lego
966 2028 1177 2068 communi
1223 2029 1432 2072 Librariae
1462 2032 1569 2073 Uni-

33 2085 239 2126 versitatis
262 2085 405 2129 Oxon.
443 2083 750 2126 Reductorium
787 2084 968 2133 Morale,
993 2085 1034 2125 in
1072 2086 1238 2128 duobus
1272 2089 1569 2132 voluminibus.

36 2141 146 2183 Item
189 2143 286 2197 lego
318 2143 532 2184 communi
565 2143 773 2183 Librariae
809 2143 1075 2200 Cantabrigg
1108 2144 1337 2187 Lecturam
1360 2147 1568 2201 integram

37 2199 235 2242 Nicholai
277 2201 330 2242 de
356 2201 469 2250 Lira,
509 2201 550 2241 in
590 2201 721 2241 tribus
746 2200 1041 2251 voluminibus,
1077 2212 1119 2242 61
1155 2203 1381 2245 Lecturam
1422 2206 1569 2247 Mora-

33 2256 119 2298 lem
151 2258 411 2313 ejustlem,in
447 2274 532 2300 uno
567 2258 790 2298 volumine.
854 2259 962 2299 Item
1002 2259 1100 2313 lego
1136 2261 1329 2315 Col‘legio
1363 2262 1564 2305 Dunelm.

39 2315 182 2357 Oxon.
219 2316 368 2357 librum
392 2316 602 2370 integrum
636 2315 862 2368 Augustini
895 2332 1022 2371 super
1057 2317 1325 2368 psalterium,
1361 2320 1404 2360 in
1433 2322 1567 2362 tribus

34 2373 334 2415 voluminibus.
414 2374 523 2415 Item
565 2374 661 2428 lego
698 2373 888 2427 Collegio
909 2375 1032 2414 Aulae
1076 2374 1379 2417 Universitatis
1418 2378 1564 2424 Oxou.

32 2430 188 2473 librum
235 2440 432 2473 vocatum
486 2431 744 2485 Augustinus
793 2431 847 2471 de,
900 2431 1085 2473 Civitate
1127 2432 1226 2477 Dei.
1311 2434 1421 2476 Item
1468 2436 1565 2492 lego

39 2490 232 2545 Collegio
269 2490 459 2545 Capellae
502 2504 626 2530 novae
671 2489 815 2530 Beatae
860 2489 1013 2530 Mariae
1053 2489 1268 2532 Leicestre
1297 2491 1450 2534 librum
1492 2509 1565 2536 vo-

33 2556 175 2588 catum
219 2547 449 2589 Racionale
488 2547 757 2596 Divinorum,
797 2555 838 2588 61
875 2562 1006 2588 unum
1047 2547 1230 2589 Messale
1265 2564 1406 2591 meum
1441 2568 1567 2607 super

34 2620 122 2661 quo
145 2615 316 2661 egomet
353 2606 541 2647 solebam
563 2604 792 2646 celebrare.
857 2605 963 2646 Item
998 2606 1093 2660 lego
1128 2607 1323 2662 Collegio
1346 2609 1400 2649 (16
1424 2610 1566 2651 Main-

34 2672 170 2705 cestre
206 2664 360 2705 librum
397 2674 592 2705 vocatum
633 2663 779 2704 Flores
817 2662 1049 2712 Barnardi3
1081 2674 1207 2718 prout
1246 2665 1338 2706 libri
1372 2669 1566 2722 praedicti

35 2720 76 2760 in
118 2722 233 2763 dicto
279 2723 519 2763 Inventario
557 2736 651 2762 meo
692 2720 793 2762 locis
835 2721 1050 2775 praedictis
1092 2721 1392 2776 institulautur.
1456 2727 1566 2769 Item

41 2778 139 2836 lego
197 2780 370 2822 domino
438 2779 660 2821 Willielnio
713 2779 927 2834 Damyon,
1001 2780 1161 2822 decano
1211 2783 1383 2837 capellae
1441 2800 1561 2837 meze,

761 2851 786 2882 Q
813 2840 836 2877 3
