1807 2962
218 84 281 125 822
529 94 663 124 msT.
691 91 928 124 DUNELM.
953 90 1258 125 scmPToizEs
1284 83 1424 125 Tuus.

158 206 182 266 [
222 202 358 244 Priori
394 201 617 242 intendere
652 200 801 241 timore
837 199 1014 241 carceris
1046 199 1334 251 induxerunt:
1369 198 1561 241 Priorem
1583 207 1626 241 et
1646 199 1735 255 xlvj

220 260 448 301 monachos
481 261 523 300 in
557 258 686 300 stallis
720 272 866 299 eorum
902 257 943 297 in
977 256 1154 299 ecclesia
1186 260 1245 298 ita
1280 257 1424 299 stricte
1460 258 1737 308 obsederunt,

220 318 336 375 quod
368 333 442 373 per
472 317 661 358 triduum
694 331 778 357 non
801 315 1039 356 habuerunt
1061 315 1115 356 ad
1137 315 1464 366 comedendum,
1487 324 1644 371 praeter
1664 326 1742 357 sex

220 392 349 432 panes
371 385 414 417 et
435 374 649 416 sexdecim
672 374 830 423 allecia,
854 387 930 414 nec
947 373 1173 428 permissus
1195 382 1260 414 est
1284 374 1408 415 Prior
1428 374 1488 415 ire
1510 374 1565 416 ad
1581 382 1743 415 secreta

221 445 412 483 naturae3
434 448 510 474 nec
533 433 658 474 alium
682 432 822 473 locum
845 430 1088 487 quiescendi
1109 431 1348 473 habuerunt
1373 431 1496 474 Prior
1517 441 1560 474 et
1580 432 1643 473 sui
1664 432 1743 472 nisi

222 493 367 535 stallos
403 491 535 535 chori.
603 491 726 540 Item,
752 490 900 531 ultimo
925 488 1116 530 Priorem
1152 489 1204 530 de
1229 489 1354 530 stallo
1385 498 1679 541 extraxerunt,
1703 499 1746 531 et

220 553 263 593 in
283 552 411 592 domo
432 548 644 591 communi
664 548 991 589 incarcerarunt.
1034 547 1158 598 Item,
1182 547 1251 588 die
1273 547 1418 589 martis
1434 548 1629 603 proxime
1649 556 1748 603 post

222 610 375 651 festum
391 607 521 649 sancti
548 606 787 656 Cuthberti‚
811 605 1000 647 Priorem
1023 605 1077 646 de
1101 605 1170 646 illa
1191 605 1319 646 domo
1344 621 1474 662 usque
1496 607 1539 647 in
1561 614 1744 648 castrum

223 683 300 723 per
334 666 519 708 medium
543 665 827 706 nundinarum
866 672 1104 714 traxerunt,
1139 673 1181 705 et
1203 679 1299 704 eum
1323 663 1380 704 ibi
1403 664 1745 713 incarcerarunt3

224 736 268 766 et
304 725 344 765 in
381 724 450 765 die
484 724 597 765 lunae
618 723 811 776 proxime
840 730 936 777 post
964 721 1118 763 festum
1146 721 1375 763 nativitatis
1397 722 1534 763 beatae
1560 720 1746 777 Virginis

223 784 374 825 iterum
405 782 605 823 reductus
636 789 699 822 est
730 780 772 821 in
804 781 1052 835 prioratum,
1083 788 1126 821 et
1147 779 1205 821 ibi
1226 780 1268 820 in
1291 780 1474 836 quadam
1496 795 1664 822 camera
1686 780 1748 820 in-

225 851 477 883 carceratus.
543 840 666 887 Item,
688 838 924 879 Johannem
958 838 1012 879 de
1050 838 1202 879 Castro
1237 838 1461 888 Bernardi,
1489 839 1746 879 monachum

224 901 452 949 infirmum,
483 897 582 954 quia
616 897 870 952 loquebatur
903 911 979 950 pro
1002 905 1112 937 statu
1133 895 1333 946 ecclesiae,
1357 896 1411 937 de
1443 896 1606 952 capella
1624 896 1748 938 Infir-

225 959 368 999 mariae
401 956 674 998 abduxerunt
696 955 750 995 ad
773 964 968 1004 castrum,
993 964 1035 995 et
1056 953 1371 995 incarcerarunt
1396 953 1453 996 ibi
1484 969 1559 1009 per
1586 963 1747 1010 septem

226 1017 329 1057 dies.
393 1016 515 1064 Item,
536 1013 727 1055 Priorem
750 1012 900 1054 cedere
915 1012 1001 1066 juri
1024 1026 1101 1052 suo
1122 1012 1160 1052 vi
1183 1021 1226 1053 et
1246 1021 1361 1052 metu
1384 1020 1632 1068 coegerunt.
1694 1012 1746 1054 In

227 1074 370 1115 multis
402 1073 491 1114 aliis
523 1079 779 1127 conquestus
811 1080 873 1111 est
900 1069 1021 1111 Prior
1042 1085 1168 1124 super
1191 1070 1452 1125 Episcopum
1474 1070 1527 1110 de
1550 1071 1752 1126 capcione

225 1133 434 1174 bonorum
470 1144 641 1171 suorum
676 1129 717 1169 in
750 1129 959 1178 maneriis,
996 1137 1036 1169 et
1069 1127 1243 1169 diversis
1274 1127 1684 1182 transgressionibUS‚
1708 1138 1752 1169 et

228 1190 350 1231 evicit
386 1189 504 1245 quasi
533 1189 574 1228 in
611 1186 807 1227 omnibus
827 1202 837 1234 ς
864 1187 1126 1240 recuperavit
1148 1185 1275 1227 etiam
1299 1196 1448 1227 contra
1468 1199 1564 1228 eum
1586 1201 1749 1229 moram

228 1249 281 1289 de
308 1247 564 1301 Beaurepair
585 1245 625 1285 in
661 1245 952 1298 separabilem,
991 1252 1033 1285 et
1057 1244 1169 1298 apud
1196 1244 1429 1301 Wardelay
1455 1244 1594 1286 nescio
1617 1259 1751 1301 quan-

229 1319 334 1356 tum,
369 1316 410 1346 et
441 1307 482 1346 in
505 1303 648 1345 multis
670 1302 774 1352 aliis,
798 1303 852 1343 de
875 1302 1025 1358 quibus
1047 1302 1257 1357 prolixum
1281 1311 1395 1344 esset
1416 1303 1653 1344 discurrere
1674 1318 1753 1357 per

229 1364 428 1419 singula.]
491 1361 745 1418 Inquisitum
769 1370 831 1401 est
855 1361 907 1401 de
929 1360 1016 1401 istis
1039 1360 1226 1402 articulis
1247 1375 1325 1415 per
1345 1360 1537 1402 homines
1559 1360 1613 1402 de
1637 1360 1751 1402 Nor-

228 1423 457 1471 thumbria,
492 1420 591 1476 quia
626 1419 683 1460 illi
721 1419 774 1459 de
813 1419 1071 1474 Episcopatu
1094 1418 1277 1474 suspecti
1299 1429 1420 1460 erant
1447 1419 1660 1474 Episcopo
1681 1419 1748 1460 vel

231 1480 384 1523 Priori.
464 1478 629 1519 Habuit
672 1477 908 1531 Episcopus
950 1477 1169 1517 consilium
1211 1476 1417 1531 optimum
1459 1487 1501 1519 et
1540 1477 1721 1519 electum
1741 1493 1753 1527 ;

231 1540 356 1580 Prior
370 1553 471 1578 vero
489 1551 573 1577 non
588 1535 663 1576 nisi
674 1534 831 1591 [quasi]
844 1550 972 1576 unum
990 1535 1259 1590 [hominem]‚
1270 1535 1521 1576 Willelmum
1540 1535 1593 1576 de
1607 1535 1753 1577 Herle.

233 1598 317 1640 Sed
351 1597 496 1637 favore
528 1594 679 1650 patriae
712 1603 752 1633 et
780 1594 864 1634 Dei
897 1593 1111 1648 adjutorio
1132 1593 1353 1634 succubuit
1375 1592 1610 1648 Episcopus
1631 1594 1753 1650 quasi

230 1656 269 1695 in
308 1654 538 1701 omnibus}
567 1662 609 1693 et
649 1650 786 1693 Priori
818 1651 863 1692 in
901 1651 1049 1706 grandi
1072 1666 1234 1693 summa
1257 1666 1449 1707 pecumae
1472 1661 1535 1693 est
1552 1652 1754 1694 condem-

230 1724 366 1755 natus.

334 1989 428 2016 CAP.
453 1985 593 2015 xxvn.
630 1985 688 2011 DE
715 1982 975 2012 CREATIONE
1000 1984 1191 2012 ANTONn
1216 1985 1264 2013 IN
1288 1986 1635 2026 PA'rmARCHAM,

567 2033 921 2081 [SUSPENSIONE]
946 2042 1000 2069 ET
1023 2041 1181 2071 MORTE
1205 2044 1404 2075 PRloms,

734 2135 829 2177 [MS.
851 2137 932 2179 Cap.
950 2147 1032 2170 CLX.
1055 2137 1112 2170 fol.
1130 2141 1195 2170 202
1214 2139 1262 2180 b.]

295 2231 469 2273 Interim
508 2233 686 2274 moritur
722 2232 839 2286 Papa
874 2231 1141 2282 Bonefacius‚
1165 2239 1208 2274 et
1225 2242 1389 2275 creatus
1411 2241 1476 2276 est
1499 2235 1760 2278 Benedictus

237 2290 313 2342 [de
355 2291 504 2331 ordine
549 2290 935 2338 Praedicatorum];
972 2289 1086 2344 apud
1125 2305 1252 2347 quem
1293 2293 1477 2334 obtinuit
1519 2293 1759 2349 Episcopus

238 2348 405 2391 Bullam
428 2349 483 2390 ad
506 2348 886 2403 Archiepiscopum
910 2347 1260 2390 cantuariensem
1282 2349 1517 2406 Episcopos
1541 2351 1757 2393 Lincolni-

237 2422 379 2447 ensem
412 2416 455 2448 et
479 2407 827 2463 Wigorniensem
869 2413 916 2446 ut
957 2405 1035 2460 ipsi
1072 2406 1377 2450 descenderent
1413 2409 1467 2450 ad
1505 2409 1758 2451 visitandum

239 2465 484 2518 Capitulum
518 2465 821 2506 Dunelmense.
883 2464 1125 2506 Accusabat
1156 2466 1266 2507 enim
1295 2466 1487 2507 Priorem
1508 2482 1634 2522 super
1654 2468 1761 2510 dila-

238 2522 457 2578 pidatione
480 2531 521 2564 et
543 2523 716 2564 diversis
738 2521 979 2564 criminibus
996 2537 1008 2572 3
1031 2530 1073 2564 et
1098 2523 1217 2578 Papa
1232 2524 1396 2579 scripsit
1412 2525 1500 2566 istis
1517 2535 1563 2567 ut
1578 2525 1762 2582 inquire-

238 2590 347 2624 rent.
416 2581 515 2631 Sed,
533 2596 576 2622 re
594 2580 798 2622 existente
820 2579 998 2634 integra,
1016 2590 1207 2622 mortuus
1229 2592 1293 2624 est
1311 2583 1454 2638 Papa;
1486 2592 1528 2624 et
1542 2583 1599 2624 sic
1621 2583 1760 2625 amisit

241 2637 478 2693 Episcopus
509 2638 709 2694 quicquid
732 2639 843 2679 circa
864 2638 945 2679 hoc
968 2638 1225 2682 effundebat.
1287 2642 1416 2682 Anno
1439 2641 1615 2682 Domini
1636 2655 1758 2683 Mccc

240 2697 401 2750 quinto,
418 2697 552 2737 sactus
571 2705 633 2738 est
647 2695 1001 2751 Archiepiscopus
1019 2697 1346 2753 Burdegalensis
1363 2699 1625 2741 Bertrandus
1645 2700 1763 2755 Papa

246 2756 327 2808 [ct]
364 2763 533 2795 vocatus
568 2763 629 2795 est
671 2754 897 2803 Clemens3
936 2753 1005 2811 qui
1024 2755 1162 2809 primo
1186 2772 1296 2799 anno
1319 2766 1498 2813 papatus
1521 2758 1581 2800 sui
1605 2757 1761 2801 creavit
