1807 2962
186 83 329 130 cxxvi
513 100 648 133 msT.
677 97 913 133 DUNELM.
942 99 1249 133 scmPTORES
1276 100 1415 133 runs.

186 220 322 263 vasto,
341 208 625 259 vendictione,
641 215 685 250 et
700 206 994 249 destruccione
1014 206 1238 248 domorum
1259 215 1302 248 et
1316 206 1558 259 boscorum,
1577 222 1624 250 ac
1646 221 1723 249 ex-

189 270 264 312 ilio
295 268 515 310 hominum
546 266 706 308 ibidem
736 265 945 314 faciendo,
969 280 994 305 a
1015 266 1142 319 xxjm0
1162 265 1232 306 die
1252 265 1384 315 Junii,
1407 280 1520 307 anno
1542 266 1722 308 Domini

190 326 417 369 millesimo
452 329 573 366 cccm⁰
604 324 741 379 xxij⁰.,
779 337 910 378 usque
946 322 1001 363 ad
1032 321 1263 363 terminum
1293 322 1480 379 quinque
1513 339 1719 366 annorum

189 384 384 441 proxime
414 381 701 439 sequencium,
735 381 923 436 plenarie
954 379 1279 434 completorum,
1304 381 1357 421 de
1379 381 1572 435 predicto
1595 381 1721 436 Epis-

189 458 300 498 copo
331 450 375 484 et
405 439 712 482 successoribus
744 438 852 479 suis:
885 437 1010 479 salvis
1031 437 1166 479 eidem
1190 437 1364 479 domino
1391 438 1602 493 Episcopo
1622 453 1720 493 pro-

188 501 289 557 priis
319 499 455 542 bladis
487 498 569 539 suis
592 497 660 538 die
682 495 964 537 confeccionis
986 494 1253 550 presencium
1275 496 1330 536 ad
1352 510 1455 550 opus
1477 511 1599 537 suum
1620 511 1720 551 pro-

188 559 328 614 prium
360 558 402 598 in
423 555 624 612 predictis
646 553 840 595 maneriis
861 552 1074 594 seminatis
1093 569 1103 594 :
1136 553 1356 596 reddendo
1377 554 1476 595 inde
1498 554 1718 596 annuatim

190 617 307 658 dicto
329 616 504 657 domino
528 613 741 668 Episcopo
762 620 803 653 et
819 610 1128 652 successoribus
1149 612 1234 652 suis
1255 626 1386 652 unum
1405 611 1639 662 denarium,
1662 612 1718 654 ad

189 674 377 716 natalem
408 671 599 721 Domini,
621 685 701 726 pro
722 669 918 711 omnibus
938 668 1124 710 serviciis
1146 669 1454 719 exactionibus,
1479 678 1523 710 et
1544 670 1719 711 deman-

189 732 266 776 dis.
331 731 389 772 Et
420 729 535 785 quod
567 728 782 783 predictus
818 726 1055 781 Episcopus
1085 726 1243 767 habeat
1274 728 1317 767 in
1348 727 1550 781 predictis
1574 742 1720 769 mane.

187 789 259 830 riis
299 798 518 829 returnum
553 785 745 827 brevium
786 784 950 826 domini
989 783 1136 841 Regis,
1178 792 1223 825 et
1259 784 1461 840 quasdam
1498 784 1716 827 libertates

188 846 342 901 regias,
385 860 489 901 quas
529 843 717 899 prefatus
760 842 996 898 Episcopus
1037 850 1081 883 et
1112 856 1372 883 successores
1408 843 1472 883 sui
1508 857 1584 897 per
1619 857 1717 897 pro-

186 905 301 960 prios
330 902 508 944 ballivos
540 909 583 943 et
613 900 823 941 ministros
854 914 953 940 suos
985 914 1234 940 conservare
1256 907 1298 940 et
1320 899 1549 940 defendere
1571 908 1717 941 tenen-

188 971 272 1011 tur,
315 960 622 1002 concordatum
658 967 722 999 est
756 957 867 999 inter
899 966 1038 1012 partes
1072 957 1297 1010 praedictas
1328 957 1444 1013 quod
1481 955 1624 998 ballivi
1659 958 1715 999 ad

185 1018 430 1075 hujusmodi
466 1017 649 1058 officium
684 1015 926 1056 faciendum
972 1024 1014 1056 et
1051 1014 1271 1055 libertates
1312 1014 1537 1069 praedictas
1574 1025 1715 1056 custo-

184 1077 362 1118 diendas
384 1089 458 1130 per
492 1075 630 1130 ipsum
671 1073 927 1128 Episcopum
961 1080 1004 1113 et
1034 1086 1296 1113 successores
1327 1087 1423 1113 suos
1455 1072 1508 1114 de
1540 1087 1714 1114 assensu

188 1135 399 1176 dictorum
429 1141 726 1180 mercatorum,
758 1138 831 1170 aut
868 1129 990 1170 unius
1024 1144 1189 1179 eorum,
1226 1139 1471 1184 ponantur3
1514 1130 1598 1186 qui,
1637 1145 1714 1185 per

178 1193 472 1248 juramentum
493 1189 616 1231 dictis
637 1188 810 1229 domino
834 1187 1049 1242 Episcopo
1071 1195 1113 1228 et
1130 1187 1434 1229 mercatoribus
1454 1188 1711 1237 faciendum,

186 1251 241 1292 de
283 1248 466 1290 exitibus
522 1256 564 1288 et
617 1245 816 1301 proficuis
856 1244 955 1286 inde
993 1244 1351 1299 provenientibus,
1394 1260 1490 1301 quae
1530 1246 1713 1300 praefato

185 1309 403 1363 Episcopo
436 1312 480 1346 et
515 1303 825 1345 successoribus
858 1302 940 1343 suis
971 1301 1184 1357 pertinere
1205 1303 1376 1353 debent,
1398 1303 1585 1357 praefatis
1607 1318 1716 1345 mer-

185 1365 413 1413 catoribus,
433 1372 506 1404 aut
522 1361 595 1403 uni
616 1376 779 1411 eorum,
796 1375 872 1415 per
892 1359 1191 1401 racionabilem
1205 1368 1450 1415 compotum
1467 1361 1651 1402 fideliter
1672 1370 1714 1402 et

185 1425 352 1477 integre
370 1420 656 1475 respondeant
673 1434 683 1468 ς
717 1427 759 1460 et
780 1416 991 1473 stipendia
1012 1432 1087 1458 sua
1103 1417 1157 1458 de
1172 1417 1384 1472 praedictis
1405 1419 1711 1460 mercatoribus

186 1480 368 1536 capient.
432 1479 490 1519 Et
526 1478 559 1517 si
595 1476 785 1518 defectus
822 1476 862 1516 in
900 1475 977 1515 hiis
1012 1474 1176 1516 ballivis
1197 1475 1434 1517 inveniatur
1455 1475 1495 1516 in
1519 1476 1711 1530 predicto

186 1537 338 1587 officio,
361 1536 429 1577 vel
451 1536 495 1576 in
516 1534 632 1575 dicta
651 1534 925 1588 responsione
945 1531 1159 1587 praedictis
1181 1534 1485 1575 mercatoribus
1502 1534 1708 1585 facienda,

186 1596 258 1636 alii
297 1595 393 1635 loco
433 1607 581 1634 eorum
622 1601 850 1647 ponantur,
893 1589 1000 1631 sicut
1030 1589 1285 1645 praedictum
1308 1599 1385 1632 est,
1448 1590 1504 1632 Et
1526 1592 1707 1646 predicti

186 1653 414 1701 Johannes‚
451 1650 700 1704 Bonseign‘,
739 1647 912 1698 Girard,
948 1647 1180 1702 Philippus,
1210 1648 1463 1703 StephanuS,
1487 1658 1528 1690 et
1550 1664 1710 1691 merca-

185 1721 299 1752 tores
321 1707 530 1764 praedicti,
554 1722 602 1749 ac
624 1707 803 1763 quilibet
823 1720 984 1755 eorum,
1004 1705 1152 1745 domos
1174 1714 1218 1746 et
1240 1705 1421 1747 aedificia
1436 1706 1478 1746 in
1494 1707 1710 1761 praedictis

186 1767 381 1810 maneriis
414 1773 665 1815 constructa,
704 1778 860 1812 murOS,
897 1763 1040 1818 hayas,
1064 1763 1293 1813 clausuras,
1318 1772 1360 1805 et
1381 1764 1536 1805 fossata
1556 1779 1710 1806 eorun-

185 1826 296 1875 dem,
320 1839 453 1880 usque
471 1823 526 1864 ad
547 1823 675 1863 finem
692 1821 856 1863 termini
877 1819 1072 1875 praedicti
1093 1821 1449 1862 sustentabuntin
1471 1822 1578 1863 adeo
1593 1822 1709 1863 bono

188 1891 300 1924 statu
322 1883 431 1923 sicut
453 1896 503 1921 ea
523 1887 791 1934 receperunt,
815 1893 889 1918 seu
912 1877 1090 1926 meliori,
1114 1876 1192 1917 nisi
1209 1892 1284 1931 per
1304 1876 1514 1931 guerram,
1537 1894 1609 1920 seu
1633 1894 1710 1934 per

186 1948 421 1996 magnateS,
441 1938 591 1993 quibus
608 1935 686 1991 ipsi
702 1943 958 1977 mercatores
971 1934 1168 1975 resistere
1184 1948 1268 1975 non
1283 1933 1498 1989 poterunt,
1517 1937 1710 1990 predicta

186 1997 337 2038 domus
360 2005 402 2037 et
424 1993 604 2035 aedificia
624 1993 909 2042 destruantur,
926 1999 999 2033 aut
1015 1991 1165 2032 domus
1182 1991 1249 2033 vel
1265 1992 1445 2033 aedificia
1461 1994 1503 2033 in
1521 1995 1707 2035 manerio

187 2054 303 2109 quod
336 2060 512 2094 vocatur
546 2051 586 2091 le
625 2049 845 2091 Welehall
879 2063 955 2103 per
990 2048 1313 2090 inundacionem
1347 2064 1469 2106 aquae
1505 2050 1558 2092 de
1593 2051 1708 2094 Ouse

187 2112 411 2152 diruantur
445 2108 509 2150 vel
544 2116 815 2163 asportentur
830 2122 840 2156 3
872 2106 994 2147 salvis
1016 2107 1186 2160 insuper
1207 2106 1364 2148 eisdem
1386 2109 1705 2160 mercatoribus,

187 2179 230 2211 et
263 2168 435 2209 cuilibet
456 2180 616 2215 eorum,
652 2173 695 2206 et
727 2163 946 2218 assignatis
967 2163 1065 2213 suis,
1101 2163 1236 2205 bladis
1264 2164 1347 2205 suis
1387 2165 1566 2219 propriis
1599 2167 1708 2209 infra

187 2225 381 2282 predicta
418 2223 609 2265 maneria
638 2222 853 2263 seminatis
893 2223 936 2262 in
976 2222 1104 2262 finem
1136 2222 1302 2262 termini
1333 2222 1527 2277 praedicti
1550 2223 1707 2265 ibidem

188 2282 474 2325 crescentibus
506 2295 586 2336 pro
621 2280 843 2321 voluntate
878 2294 954 2320 sua
988 2277 1196 2320 cariandis
1237 2287 1281 2320 et
1313 2279 1596 2333 asportandis,
1620 2296 1706 2337 quo

185 2342 410 2390 voluerint,
448 2338 568 2379 simul
602 2353 698 2379 cum
720 2337 810 2378 aliis
830 2336 951 2377 bonis
980 2344 1023 2377 et
1054 2335 1214 2377 catallis
1236 2337 1319 2377 suis
1343 2345 1445 2378 tunc
1465 2337 1622 2379 ibidem
1645 2339 1708 2379 in-

184 2399 322 2441 ventis
344 2407 386 2438 et
407 2396 698 2445 existentibus,
722 2395 809 2436 sine
830 2393 1136 2449 impedimento
1157 2393 1300 2448 aliquo
1313 2394 1492 2448 predicti
1508 2395 1705 2451 Episcopi

185 2465 229 2498 et
249 2469 539 2497 successorum
562 2467 733 2494 suorum
754 2467 829 2507 per
850 2451 935 2492 vias
950 2458 991 2491 et
1012 2450 1180 2491 semitas
1201 2464 1277 2505 per
1298 2459 1452 2493 terram
1473 2460 1517 2493 et
1538 2467 1705 2508 aquam.

188 2515 246 2555 Et
267 2512 492 2568 praedictus
533 2511 766 2566 Episcopus
797 2507 1004 2550 concessit
1025 2522 1102 2561 pro
1134 2521 1178 2548 se
1215 2516 1257 2548 et
1278 2509 1586 2550 successoribus
1621 2510 1705 2551 suis

187 2572 302 2627 quod
325 2570 401 2625 ipsi
431 2568 588 2610 faciant
613 2569 752 2609 levare
774 2566 914 2607 omnia
935 2564 1082 2606 debita
1111 2579 1207 2620 quae
1238 2565 1279 2605 in
1301 2566 1387 2606 fine
1409 2566 1576 2607 termini
1598 2581 1707 2621 prae-

188 2628 289 2669 dicti
325 2642 401 2682 per
433 2640 721 2682 quoscumque
759 2632 951 2666 tenentes
988 2622 1031 2663 in
1072 2621 1258 2676 praefatis
1289 2622 1486 2664 maneriis
1517 2624 1703 2678 praefatis

187 2685 374 2726 Johanni
411 2683 656 2739 Bonseigu‘,
696 2681 895 2730 Girardo,
934 2678 1145 2734 Philippo,
1172 2679 1405 2734 Stephano,
1428 2695 1476 2722 ac
1499 2691 1704 2723 mercato·

189 2743 303 2783 ribus
320 2741 550 2796 praedictiS‚
574 2748 647 2780 aut
678 2739 751 2779 uni
773 2752 935 2787 eorum,
960 2735 1186 2790 contigerit
1207 2746 1348 2778 aretro
1370 2752 1472 2788 esse,
1495 2747 1703 2793 quatenus
