1807 2962
207 183 237 213 <Q
512 182 648 215 HIST.
677 180 913 215 DUNELM.
941 180 1247 214 SCRIPTORES
1274 179 1413 215 T‘Rnst

334 448 469 477 LXXX.
504 449 671 477 LITERA
715 448 990 476 CREDENTIAE
1037 448 1126 475 PRO
1169 447 1388 475 JOHRNNE
1424 448 1481 475 DE
1516 448 1624 476 ΒΙΠ-Γ

500 507 674 535 ΤΑΝΝῙΑ
695 507 825 534 MISSA
847 504 1113 534 HOMINIBUS
1137 505 1457 536 EPISCOPATUS.

578 585 695 628 [Cart.
712 585 788 618 ΙΙΙ.
807 583 831 616 f.
847 584 922 622 221,
940 587 976 617 et
993 583 1088 627 Orig.
1107 586 1126 615 2
1144 585 1164 614 2
1182 583 1269 627 Reg.
1285 582 1323 616 L.
1345 585 1398 626 LI

281 660 517 704 Edwardus
555 661 644 703 Dei
676 660 820 719 gracia
855 661 955 702 Rex
990 659 1173 715 Angliae‚
1199 660 1411 703 Dominus
1436 660 1676 708 Hiberniae,
1700 668 1745 701 εἴ

226 717 328 761 'Dux
351 720 607 777 Aquitaniae,
631 719 796 761 dilectis
818 728 860 761 et
880 718 1078 760 fidelibus
1100 720 1183 759 suis
1205 719 1421 770 militibus,
1444 718 1586 761 liberis
1607 718 1745 759 homi·-

222 779 360 829 nibus,
396 795 443 820 ac
485 779 566 820 toti
608 777 902 820 communitati
939 777 993 818 de
1025 776 1226 818 libertate>
1259 777 1540 833 Episcopatus
1577 776 1746 818 Dunel-

220 837 389 887 mensis,
409 838 600 879 salutem.
666 837 775 878 Cum
798 834 1054 892 injunximus
1071 835 1228 876 dilecto
1244 835 1389 890 nepoti
1407 845 1449 878 et
1466 835 1582 877 fideli
1597 843 1752 876 nostro·

222 895 409 938 ,Iohanni
431 896 484 937 de
511 894 743 944 Britannia,
767 902 809 935 et
831 893 919 934 aliis
941 893 1136 934 fidelibus
1153 893 1306 934 nostris
1320 893 1373 935 de
1390 893 1566 935 consilio
1582 901 1748 942 nostro,

224 969 331 1010 quos
368 953 423 995 ad
458 962 596 1008 partes
628 961 788 994 vestras
821 951 1020 992 duximus
1041 951 1327 1001 destinandos,
1351 951 1548 1007 quaedam
1569 950 1748 1005 negocia

222 1012 344 1053 vobis
367 1025 421 1053 ex
441 1019 566 1067 parte·
582 1020 728 1052 nostra
746 1009 912 1065 plenius
933 1009 1205 1064 exponenda,
1228 1024 1301 1050 vos
1328 1024 1525 1064 rogamus
1546 1008 1752 1065 quatinus

222 1070 420 1111 fidelibus
436 1069 603 1119 nostris,
626 1068 668 1109 in
689 1069 781 1118 hiis,
805 1083 900 1123 quae
923 1066 1040 1107 vobis
1062 1066 1204 1107 dicent
1226 1082 1282 1107 ex
1299 1077 1419 1122 parte
1436 1076 1595 1117 nostra,
1614 1067 1743 1108 fidem

220 1128 435 1169 eredulam
471 1126 709 1182 praebeatis
773 1126 820 1166 In
842 1127 960 1181 cujus
981 1125 1042 1165 rei
1064 1125 1351 1166 testimonium
1373 1125 1448 1167 has
1469 1126 1627 1167 litteras
1648 1138 1753 1165 ηοε,1

223 1196 307 1227 tras
344 1185 435 1227 fieri
471 1185 647 1226 fecimus
676 1191 882 1239 patenteS.
947 1182 1078 1224 Teste
1099 1196 1167 1224 me
1189 1182 1296 1238 ipso,
1321 1184 1434 1238 apud
1461 1183 1750 1225 Westmonasm

221 1243 389 1296 terium,
412 1258 533 1285 xxm-
553 1241 819 1298 dierAprilis,
841 1255 954 1282 anno
975 1255 1108 1296 regno
1129 1241 1264 1283 nostri
1287 1241 1499 1284 tricesimo
1519 1241 1680 1298 primo,

339 1519 494 1549 Lxxm.
530 1517 808 1546 BoN—IFACIUS
840 1517 922 1544 VIII
956 1517 1014 1544 AD
1048 1515 1427 1544 DENUNCIANDUM
1455 1516 1635 1545 JOIIAN‘

344 1578 443 1605 NEM
478 1576 669 1604 HUN'I’ER
703 1575 1143 1603 EXCOMMUNICATUM
1177 1575 1392 1603 PROPTER
1435 1574 1636 1604 PERcUS-·

336 1636 509 1664 SIONEM
532 1633 805 1663 SUPPRIORIS
827 1633 1166 1664 DUNELMENSIS.

776 1712 890 1755 [Cart.
911 1714 988 1746 III.
1004 1712 1062 1746 fol.
1083 1714 1174 1756 187.]

272 1792 520 1835 Bonifacius
539 1789 791 1846 Episcopus,
811 1805 954 1832 servus
971 1804 1188 1832 servorum
1206 1789 1304 1841 Dei,
1323 1791 1481 1833 dilecto
1498 1789 1586 1831 filio
1608 1787 1751 1832 Priori

221 1852 276 1893 de
299 1849 561 1907 Tynemutln
585 1848 887 1891 Dunelmensis
928 1850 1162 1898 dioceseos,
1187 1849 1365 1890 salutem
1398 1857 1440 1890 et
1470 1847 1747 1904 apostolicam

222 1908 589 1951 benediccionem.
669 1907 905 1963 Conquesti
946 1915 1045 1947 sunt
1086 1906 1207 1947 nobis
1251 1907 1374 1948 Prior
1414 1915 1456 1948 et
1498 1907 1748 1949 Conventus

223 1967 413 2009 ecclesiae
439 1965 756 2014 Dunelmensis,
789 1964 947 2005 ordinis
979 1964 1110 2005 sancti
1135 1964 1370 2014 Benedicti,
1394 1964 1509 2020 quod
1531 1964 1756 2006 johannes

222 2025 360 2066 dictus
386 2024 422 2064 le
445 2023 612 2072 hunter,
636 2022 780 2071 laicus,
826 2022 1126 2063 Dunelmensis
1148 2021 1381 2072 dioceseos,
1401 2022 1575 2063 fratr-em
1600 2021 1751 2063 Ricar-

221 2083 324 2124 dum
357 2082 412 2123 de
451 2081 598 2121 Kellau
621 2079 897 2134 supprior-em,
927 2095 1012 2121 non
1047 2081 1208 2136 absque
1228 2080 1457 2135 injectione
1479 2095 1681 2121 manuum
1703 2079 1749 2120 in

222 2156 336 2188 eum,
375 2138 458 2180 Dei
490 2138 643 2179 timore
664 2138 916 2192 postposito,
947 2147 1107 2179 temere
1131 2138 1328 2189 violenta,
1352 2138 1536 2194 quodam
1560 2153 1672 2194 equo
1693 2137 1754 2179 ad

223 2197 444 2241 ecclesiam
487 2196 620 2251 ipsam
663 2204 924 2250 spectantem
968 2197 1162 2252 nequiter
1202 2196 1424 2251 spoliavit3
1475 2196 1516 2238 in
1559 2199 1747 2251 ipsorum

224 2256 384 2299 Prioris
408 2270 456 2295 ac
481 2255 730 2296 Conventus
752 2262 796 2294 et
818 2254 1009 2294 ecclesiae
1043 2254 1237 2310 injuriam
1271 2263 1315 2295 et
1329 2255 1557 2308 jacturam.
1622 2254 1750 2295 Ideo<-

222 2330 306 2371 que
337 2312 583 2356 discrecioni
609 2321 693 2352 tuae
717 2326 791 2366 per
811 2312 1044 2366 apostolica
1065 2311 1218 2367 scripta
1251 2312 1510 2362 mandamus,
1529 2311 1745 2368 quatinus,

221 2374 255 2415 si
291 2373 351 2414 de·
384 2369 627 2425 hujusmodi
663 2384 863 2410 manuum
899 2369 1127 2424 injectione
1170 2370 1247 2411 tibi
1292 2369 1542 2420 constiterit,
1586 2368 1751 2410 dictum·-

222 2431 474 2487 sacrilegum
498 2427 674 2477 tamdiu,
699 2427 992 2483 appellacione
1007 2436 1183 2479 remota,
1208 2428 1621 2469 excommunicatum
1640 2428 1749 2482 pub-

223 2489 303 2531 lice
324 2487 510 2537 nunties,
534 2495 576 2527 et
597 2485 724 2527 facias
745 2486 798 2527 ab
816 2485 1011 2527 omnibus
1032 2486 1162 2527 artius
1184 2485 1348 2536 evitari,
1367 2487 1502 2528 donec
1525 2500 1652 2541 super
1668 2485 1754 2527 hiis

224 2545 477 2588 satisfecerit
508 2552 823 2599 competenter-3
856 2552 901 2584 et
931 2559 1027 2586 cum
1056 2553 1223 2585 tuarum
1246 2544 1489 2585 testimonio
1510 2543 1752 2585 litterarum

224 2605 279 2647 ad
305 2604 457 2646 Sedem
491 2602 656 2644 venerit
686 2602 979 2657 Apostolicam
1011 2602 1307 2643 absolvendus.
1371 2603 1510 2657 Super
1531 2601 1622 2642 aliis
1645 2616 1747 2642 vero

225 2661 404 2705 audiatis
434 2675 618 2710 causam,
652 2669 708 2710 et,
742 2659 1029 2714 appellacione
1060 2669 1239 2710 remota,
1263 2659 1409 2702 debito
1441 2660 1526 2701 fine
1547 2659 1716 2701 decidas
1736 2674 1757 2707 ;⁴

226 2720 383 2762 faciens
423 2718 540 2774 quod
570 2717 806 2759 decreveris
845 2732 918 2771 per
958 2733 1176 2759 censuram
1214 2717 1538 2759 ecclesiasticam
1571 2717 1747 2758 firmiter

225 2776 453 2820 observari.
517 2775 671 2816 Testes
687 2783 830 2816 autem
845 2776 916 2830 qui
932 2776 1090 2817 fuerint
1107 2775 1327 2826 nominati,
1348 2774 1379 2815 si
1395 2791 1439 2816 se
1457 2775 1610 2832 gratia,
1630 2774 1749 2824 odio,

223 2836 289 2878 vel
326 2834 476 2876 timore
512 2833 815 2883 subtraxerint,
847 2847 1022 2876 censura
1052 2833 1188 2886 simili,
1222 2832 1513 2890 appellacione
1543 2840 1748 2882 cessante,
