1807 2962
436 59 764 93 WILLIELMUS
791 59 857 90 DE
886 55 1151 90 CHAMBRE.
1463 43 1556 86 143

250 398 347 430 CAP.
372 396 429 431 IV.
465 400 523 429 DE
547 401 763 430 JOHANNE
795 400 852 428 DE
877 396 1102 430 FORDHAM
1125 401 1344 432 EPISCOPO

692 459 902 489 DUNELM.

95 571 286 614 Obtenta
315 577 458 612 autem
489 568 674 626 eligendi
704 568 890 620 licentia,
914 583 993 625 pro
1024 585 1108 626 qua
1134 571 1248 612 missi
1270 572 1437 615 fuerant
1458 573 1560 616 dicti

36 630 200 679 fratres,
223 643 273 670 ac
294 629 544 670 adveniente
566 627 634 668 die
650 641 726 682 pro
747 628 958 669 electione
980 628 1111 670 futuri
1132 629 1354 672 Pontificis
1371 639 1531 674 statuto
1549 648 1561 681 3

37 689 113 729 viz.
135 685 240 728 feria
259 695 411 743 quarta
441 694 536 740 post
566 685 720 727 festum
752 685 885 726 sancti
907 686 1137 743 Augustini
1160 688 1399 743 Anglorum
1422 691 1561 745 Apos-=

37 745 124 796 toli,
147 744 228 787 hoc
245 755 310 786 est
327 758 438 785 XXIX
455 744 524 785 die
541 743 696 785 mensis
716 743 836 794 Maii,
856 753 1146 787 convenerunt
1161 760 1309 788 omnes
1325 747 1398 803 qui
1415 749 1563 791 volue-

35 815 142 854 rant,
165 811 406 857 potuerant,
429 816 479 843 ac
500 801 735 843 debuerant
752 801 966 853 interesse,
990 802 1034 843 in
1051 803 1181 846 domo
1201 805 1437 860 capitulari,
1456 806 1562 849 hora

35 871 263 910 consueta3
296 869 340 902 et
370 859 675 901 deliberatione
716 859 939 915 multiplici
969 860 1116 903 habita
1146 862 1257 904 inter
1277 878 1365 914 eos,
1388 865 1563 906 tandem

37 919 230 961 omnibus
252 927 294 960 et
314 917 487 973 singulis
518 917 677 973 placuit
697 932 774 973 per
802 918 912 959 viam
934 920 1167 974 procedere
1187 922 1495 976 compromissi,
1521 932 1565 965 et

37 990 123 1018 xm
154 975 536 1018 commissionarios
567 976 817 1030 elegerunt3
848 976 999 1018 dantes
1032 977 1090 1019 eis
1121 979 1356 1033 plenariam
1378 989 1566 1035 potesta-

34 1043 121 1076 tem
144 1035 332 1077 suturum
357 1034 609 1075 Pontificem
631 1034 816 1088 eligendi
836 1049 847 1083 ;
878 1049 975 1090 quae
996 1044 1182 1089 potestas
1203 1051 1336 1092 usque
1357 1036 1401 1078 in
1422 1039 1568 1080 erasti-2

34 1107 136 1134 num
157 1093 212 1134 ad
233 1092 330 1134 solis
362 1106 558 1133 occasum
590 1091 886 1133 tantummodo
907 1093 1168 1147 perduraret.
1231 1094 1334 1141 Qua
1355 1104 1565 1150 potestate

36 1159 223 1206 accepta,
245 1150 304 1190 illi
326 1163 425 1200 xm,
449 1149 538 1191 aliis
559 1149 755 1191 omnibus
786 1149 841 1191 de
865 1149 1065 1204 Capitulo
1095 1151 1407 1202 recedentibus,
1432 1153 1474 1195 in
1497 1169 1565 1196 ca-

35 1209 171 1265 pitulo
206 1216 489 1257 remanentes,
525 1207 720 1249 seriosius
761 1207 814 1248 de
846 1207 972 1262 ipsius
1013 1208 1231 1250 electionis
1267 1210 1440 1264 negotio
1471 1226 1567 1266 per-

37 1275 285 1310 tractarunt.
351 1266 466 1307 Dein
485 1265 691 1306 honorem
720 1269 843 1317 [om.]
866 1274 907 1306 et
925 1265 1150 1308 utilitatem
1179 1267 1369 1309 ecclesiae
1400 1283 1566 1325 semper

37 1325 116 1366 sibi
136 1339 224 1381 prae
246 1322 646 1373 oculisstatuenteS,
669 1331 713 1365 et
733 1323 1002 1364 advertentes
1024 1323 1065 1364 in
1087 1324 1252 1379 gremio
1272 1324 1499 1369 intrinsece
1521 1345 1566 1371 se

36 1383 193 1425 habere
214 1382 401 1423 valentes
423 1380 674 1435 Theologiae
700 1380 964 1422 Professores
982 1389 1026 1422 et
1050 1382 1373 1431 Baccalaureos‚
1393 1399 1442 1425 ac
1458 1386 1564 1428 alios

36 1440 303 1498 quamplures
334 1440 442 1481 bene
472 1438 662 1480 literatos
693 1438 894 1493 providos
925 1447 968 1480 et
990 1439 1211 1491 discretos,
1236 1441 1290 1482 ad
1321 1441 1566 1486 Praelatiam

39 1497 366 1541 ecclesiasticam
397 1496 551 1538 merito
587 1496 890 1539 assumendos:
922 1512 972 1538 ac
1001 1497 1055 1539 de
1086 1507 1209 1552 parte
1240 1499 1322 1540 alia
1353 1499 1564 1544 intuentes

36 1557 181 1599 mundi
204 1555 424 1604 malitiam,
447 1555 749 1597 reservationes
770 1564 814 1597 et
843 1555 1046 1610 plurimas
1073 1556 1341 1612 fatigationes
1361 1558 1406 1599 in
1429 1559 1568 1603 Bene=

37 1615 140 1658 ficiis
172 1613 465 1657 ecclesiasticis
493 1613 586 1668 jam
621 1621 854 1664 currentes,
887 1622 931 1655 et
960 1613 1150 1669 pericula
1177 1623 1222 1657 et
1243 1616 1400 1657 damna
1421 1619 1564 1659 multi-

37 1674 165 1731 plicia
204 1672 394 1715 ecclesiae
435 1670 715 1713 verisimiliter
750 1671 1027 1722 imminentia,
1068 1671 1101 1712 si
1144 1687 1270 1729 quem
1312 1673 1366 1714 de
1403 1676 1566 1729 gremio

37 1733 344 1791 praetulissent3
376 1739 419 1773 et
438 1730 710 1772 nihilominus
731 1729 1012 1784 desperabant
1032 1730 1147 1785 quod
1168 1730 1316 1788 aliquis
1334 1731 1387 1773 de
1399 1735 1566 1787 gremio

39 1793 274 1850 expediret.
341 1791 459 1833 Inter
485 1787 743 1844 hujusmodi,
766 1802 844 1844 per
865 1794 1004 1829 totum
1025 1787 1139 1829 diem
1161 1788 1294 1840 illum,
1318 1798 1418 1831 ante
1437 1805 1565 1846 pran-

39 1852 155 1894 dium
178 1859 221 1894 et
241 1857 353 1907 post,
372 1862 505 1904 usque
523 1846 621 1900 [ad]
645 1860 862 1900 vesperam
879 1846 1149 1897 fluctuantes,
1166 1861 1292 1889 mane
1308 1847 1351 1888 in
1365 1850 1563 1901 crastino,

40 1910 110 1952 die
141 1908 274 1960 Jovis,
315 1907 444 1948 iidem
477 1919 578 1955 xm,
610 1904 666 1946 ad
702 1904 815 1946 idem
847 1904 1065 1958 negotium
1099 1903 1143 1945 in
1182 1904 1428 1959 Capitulum
1464 1922 1567 1949 con-

39 1975 271 2016 ve11erunt3
313 1974 357 2008 et
392 1979 526 2021 usque
556 1963 706 2005 horam
742 1961 1016 2017 capitularem
1049 1961 1103 2003 de
1134 1962 1352 2004 electionis
1387 1966 1567 2008 materia

41 2026 286 2081 diligentius
325 2028 659 2080 pertractante53
696 2029 871 2075 propter
911 2019 1138 2074 praedictas
1180 2020 1447 2063 difficultates
1488 2023 1566 2066 im-

39 2084 245 2126 minentes
276 2082 320 2122 in
350 2080 510 2122 nullam
531 2093 758 2134 personam
779 2078 1020 2133 eligendam
1042 2077 1221 2119 finaliter
1241 2081 1566 2132 concordantes,

41 2142 211 2184 tandem
242 2146 502 2195 rogaverunt
534 2137 784 2192 Capitulum
821 2144 868 2177 ut
901 2135 1000 2191 ipsis
1033 2149 1120 2176 xm
1148 2136 1252 2178 alios
1273 2152 1350 2179 sex
1371 2153 1566 2194 compro-

39 2199 247 2242 missarios
278 2198 504 2247 sociarent,
542 2204 748 2251 quatenus
780 2193 956 2236 consilio
987 2193 1171 2249 plurium
1194 2195 1334 2236 sanius
1355 2198 1561 2251 procede-

39 2267 132 2300 rent
167 2257 212 2298 in
250 2256 333 2298 hoc
372 2262 486 2297 actu.
553 2253 655 2303 Quo
686 2254 814 2303 facto,
858 2261 962 2293 tunc
1002 2265 1083 2292 XIX
1125 2254 1480 2308 compromissarii
1520 2255 1565 2297 in

38 2315 130 2371 ipso
153 2313 353 2370 Capitulo
389 2312 638 2362 residentes,
677 2310 769 2352 aliis
803 2309 999 2351 omnibus
1033 2309 1132 2351 hine
1164 2310 1332 2361 amotis,
1370 2311 1564 2367 diligenti

38 2380 222 2416 tractatu
253 2370 506 2427 praehabito,
539 2368 756 2411 dominum
785 2367 1027 2409 Johannem
1057 2367 1112 2408 de
1144 2367 1373 2419 Fordham,
1397 2371 1568 2412 canoni-

38 2445 136 2473 cum
166 2428 358 2472 ecelesiae
389 2427 671 2469 Eboracensis
700 2435 743 2467 et
766 2426 1051 2468 secretarium
1075 2424 1236 2466 domini
1260 2426 1391 2483 Regis
1422 2428 1565 2483 elege-

38 2500 138 2531 runt
167 2488 210 2530 in
247 2486 507 2543 Episcopum
546 2492 589 2526 et
622 2485 842 2525 Pastorem
877 2482 1002 2524 dictae
1034 2482 1336 2526 Dunelmensis
1373 2486 1564 2528 ecclesiae

40 2547 249 2589 viduatae:
273 2553 330 2595 et,
349 2543 563 2600 publicata
576 2541 794 2591 electione,
813 2541 951 2595 primo
967 2540 1011 2580 in
1032 2540 1245 2595 Capitulo,
1263 2541 1416 2585 deinde
1433 2543 1476 2585 in
1494 2561 1563 2587 ec-

39 2604 164 2647 clesia
197 2618 340 2646 coram
371 2601 544 2657 populo,
577 2608 621 2641 et
652 2600 705 2641 ab
736 2598 932 2641 omnibus
963 2599 1211 2653 approbata,
1245 2599 1331 2641 duo
1364 2604 1560 2645 monachi

41 2677 94 2704 ex
123 2671 243 2718 parte
265 2660 454 2717 Capituli
485 2659 539 2700 ad
571 2658 709 2713 ipsum
731 2657 913 2699 electum
935 2671 1030 2698 cum
1052 2656 1268 2698 electionis
1290 2658 1464 2701 decreto
1485 2676 1562 2716 pro

42 2721 126 2776 ejus
147 2735 353 2763 consensu
374 2717 630 2776 requirendo
651 2716 889 2769 [celeriter]
908 2723 1003 2759 sunt
1025 2715 1257 2758 transmissi
1275 2732 1285 2765 3
1317 2732 1485 2762 necnon
1507 2720 1560 2763 ad
