1807 2962
187 94 312 141 XXXll
500 112 635 143 HIST.
660 111 895 143 DUNELM.
924 111 1231 144 SCRIPTORES
1253 113 1393 146 TRES.

182 216 296 267 ham,
336 225 379 259 et
413 220 609 260 omnibus
641 219 871 260 baronibus
903 227 946 260 et
972 219 1170 261 fidelibus
1191 220 1274 260 suis
1297 222 1351 263 de
1375 221 1571 265 Eboraco
1593 232 1636 266 et
1657 225 1711 268 de

186 275 563 333 Notinghamscira
583 278 774 321 salutem.
840 277 952 319 Volo
973 286 1016 318 et
1039 278 1229 319 concedo
1250 287 1294 319 et
1314 280 1490 323 firmiter
1510 284 1713 338 praecipio

182 334 299 389 quod
321 344 489 376 sanctus
508 336 771 377 Cuthbertus
793 343 835 376 et
857 335 1055 376 monachi
1076 335 1140 376 sui
1162 336 1216 377 de
1234 337 1454 379 Dunelmo
1478 340 1586 382 bene
1608 351 1652 382 et
1670 342 1712 383 in

180 406 285 445 pace
306 400 349 433 et
370 393 513 449 quiete
535 403 577 434 et
599 393 834 434 honorifice
857 402 1030 434 teneant
1052 408 1078 434 a
1098 393 1228 435 modo
1245 395 1287 434 in
1304 405 1560 451 perpetuum
1579 408 1711 441 terras

182 458 226 490 et
247 450 491 492 molendina
514 460 556 492 et
578 451 722 492 omnia
742 466 839 508 quae
861 453 904 492 in
925 450 1302 506 Notinghamscira
1321 454 1478 496 habent
1500 466 1541 496 et
1565 465 1711 499 tenent

183 509 459 550 concessione
491 524 612 558 mea3
647 509 755 550 sicut
785 518 903 551 carta
933 525 1028 551 mea
1059 518 1254 561 testatur,
1278 526 1404 567 quam
1427 528 1509 568 ego
1530 514 1709 566 firmavi,

181 580 309 621 quam
347 566 517 611 habent.
597 567 654 608 Et
686 583 711 609 a
742 568 873 609 modo
906 583 991 609 non
1025 576 1241 623 ponantur
1273 569 1373 612 inde
1409 569 1454 612 in
1490 571 1708 626 placitum.

184 623 225 664 T
226 625 388 666 estibus
428 626 619 667 Roberto
651 625 864 681 Episcopo
888 626 1175 677 Lincolnensi,
1200 635 1243 668 et
1267 627 1439 682 Nigello
1461 629 1515 671 de
1537 631 1708 672 Albinn’

180 690 223 721 et
250 682 460 746 willelmo
482 684 534 725 de
557 684 704 734 Tanc’,
728 692 769 725 et
795 684 1026 739 Radulpho
1053 684 1216 727 Basset.
1264 686 1396 741 Apud
1424 687 1710 731 westmonas-

183 747 349 782 terium.

295 938 399 967 XXV.
436 938 581 965 CARTA
614 937 809 965 HENRICI
843 936 978 963 PRIMI
1007 936 1065 962 DE
1096 935 1354 962 LIBERTATE
1386 937 1592 975 CALUMB-

325 996 512 1023 NIARUM
537 996 719 1023 CONTRA
743 993 1095 1022 NORTHUMBROS
1118 993 1239 1020 APUD
1264 994 1561 1023 NOTINGHAM.

795 1073 908 1115 [Cart.
926 1073 958 1104 Ι.
973 1071 996 1103 f.
1018 1072 1090 1112 59.]

237 1154 333 1208 Ego
367 1153 583 1195 Henricus
606 1154 693 1195 Dei
713 1152 858 1209 gracia
884 1150 979 1192 Rex
1001 1151 1251 1205 Anglorum,
1277 1151 1385 1192 filius
1408 1151 1547 1207 magni
1574 1152 1705 1207 Regis

178 1211 420 1261 Willielmi,
455 1213 528 1267 qui
559 1213 698 1253 beatae
730 1209 946 1251 memoriae
982 1209 1090 1263 Regi
1114 1209 1328 1250 Edwardo
1351 1210 1391 1250 in
1415 1225 1591 1265 regnum
1614 1226 1707 1252 suc-

175 1270 314 1320 cessit,
353 1278 499 1318 terras‚
535 1269 694 1311 scilicet
730 1268 936 1309 Burdune
969 1276 1012 1308 et
1048 1268 1281 1309 Carlenton
1312 1277 1356 1309 et
1390 1268 1578 1319 Heaclif,
1601 1284 1705 1325 quas

175 1327 370 1369 homines
389 1327 775 1377 Norhumbrenses,
790 1326 842 1367 de
864 1326 1072 1367 comitatu
1095 1340 1186 1367 esse
1208 1326 1412 1377 dicentes,
1436 1341 1564 1382 super
1585 1342 1706 1368 sanc-

176 1398 267 1426 tum
303 1385 592 1427 Cuthbertum
624 1394 667 1427 et
701 1384 977 1439 Ranulphum
1014 1384 1259 1439 episcopum
1291 1385 1701 1439 calumpniabantur,

176 1444 276 1485 Deo
298 1452 341 1485 et
362 1453 511 1485 sancto
535 1445 791 1494 Cuthberto,
815 1453 859 1484 et
879 1441 1068 1483 ecclesiae
1093 1442 1387 1492 Dunelmensi,
1411 1453 1453 1484 et
1478 1443 1703 1498 Ranulpho

176 1502 403 1557 Episcopo,
439 1511 481 1545 et
514 1502 708 1544 omnibus
741 1500 1051 1542 successoribus
1080 1501 1164 1541 suis
1197 1501 1266 1550 do,
1299 1501 1463 1557 quietas
1485 1510 1526 1542 et
1548 1501 1702 1542 liberas

173 1570 386 1616 perpetuo
418 1561 666 1609 habendas;
700 1560 808 1601 sicut
837 1568 1006 1600 sanctus
1043 1559 1303 1600 Cuthbertus
1335 1559 1463 1600 habet
1485 1574 1579 1600 suas
1601 1559 1702 1600 alias

173 1628 322 1670 terras,
341 1634 437 1675 quae
457 1619 674 1675 pertinent
691 1619 744 1661 ad
762 1617 981 1660 ecclesiam
1000 1632 1134 1667 suam,
1154 1617 1302 1658 melius
1320 1617 1493 1672 quietas.
1538 1617 1703 1659 Praeter

172 1677 265 1719 haec
302 1678 434 1719 eciam
468 1678 865 1732 calumpniabantur
901 1674 1273 1716 Norhumbrenses
1313 1675 1466 1717 Franci
1498 1684 1541 1716 et
1571 1676 1702 1732 Angli

171 1750 249 1791 per
265 1751 431 1778 cursum
455 1736 509 1777 ad
528 1736 766 1777 venandum
791 1735 832 1776 in
854 1734 965 1774 silvis
988 1734 1120 1775 sancti
1145 1733 1373 1775 Cuthberti
1396 1733 1505 1775 inter
1529 1733 1701 1774 Teisam

172 1802 215 1834 et
249 1794 415 1844 Tinam,
452 1805 494 1835 et
527 1809 606 1850 pro
638 1809 722 1835 uno
754 1791 930 1834 denario
962 1792 1088 1834 licere
1110 1792 1189 1832 sibi
1210 1791 1366 1833 habere
1385 1791 1502 1846 ligna
1522 1790 1563 1831 in
1586 1791 1700 1833 silvis

174 1852 317 1893 Sancti
353 1852 564 1907 praedicti,
601 1860 806 1907 quantum
840 1865 926 1891 uno
960 1865 1083 1891 curru
1123 1849 1219 1891 vehi
1250 1859 1390 1904 potest
1422 1865 1496 1904 per
1526 1864 1698 1891 annum.

176 1910 588 1964 Calumpniabantur
621 1912 753 1951 eciam
785 1924 862 1963 pro
891 1922 977 1949 uno
1009 1923 1185 1949 nummo
1217 1908 1372 1948 debere
1393 1907 1550 1948 habere
1571 1922 1699 1964 quam

170 1970 372 2024 majorem
395 1967 601 2022 eligerent
622 1969 818 2008 arborem
841 1967 881 2006 in
899 1965 1058 2007 eisdem
1077 1965 1190 2006 silvis
1206 1966 1261 2006 ad
1277 1980 1428 2006 navem
1445 1964 1696 2009 faciendam.

173 2025 375 2067 Similiter
406 2028 537 2067 eciam
571 2025 967 2080 calumpniabantur
993 2024 1320 2066 consuetudines
1343 2023 1384 2063 in
1406 2023 1525 2079 aquis
1551 2024 1699 2065 Sancti

176 2083 405 2125 Cuthberti
437 2084 491 2125 de
525 2083 650 2125 Tina.
714 2084 835 2133 Quas
867 2098 1012 2124 omnes
1044 2081 1374 2123 consuetudines
1397 2091 1440 2122 et
1462 2096 1607 2123 earum
1630 2096 1699 2122 ca-

168 2141 376 2196 lumpnias
414 2141 691 2183 diracionavit
728 2142 928 2183 adversus
960 2141 1053 2182 illos
1095 2140 1346 2195 Ranulphus
1384 2140 1621 2195 Episcopus
1655 2141 1696 2181 in

167 2214 264 2241 mea
284 2208 328 2241 et
354 2200 567 2242 Bai-onum
586 2214 775 2241 meorum
799 2199 1042 2254 praesencia.
1105 2198 1162 2239 Et
1180 2214 1262 2255 ego
1279 2213 1347 2239 eas
1362 2198 1462 2240 Deo
1477 2207 1518 2239 et
1537 2199 1698 2239 Sancto

172 2258 413 2299 Cuthberto
435 2269 479 2300 et
500 2259 689 2300 ecclesiae
716 2258 994 2299 Dunelmensi
1017 2266 1060 2298 et
1080 2257 1310 2311 Ranulpho
1327 2256 1526 2311 episcopo
1543 2265 1586 2296 et
1608 2271 1699 2296 om-

166 2316 288 2358 nibus
311 2317 620 2358 successoribus
643 2316 724 2357 suis
748 2316 922 2357 omnino
950 2315 1115 2372 quietas
1137 2324 1180 2356 et
1202 2315 1354 2355 liberas
1385 2314 1697 2368 imperpetuum

166 2376 369 2416 concedo.
434 2376 546 2417 Haec
569 2374 749 2416 donacio
770 2374 881 2416 faeta
903 2384 967 2416 est
989 2389 1099 2415 auno
1121 2374 1174 2414 ab
1197 2371 1492 2413 incarnacione
1517 2371 1695 2413 Domini

167 2434 389 2474 millesimo
425 2434 509 2484 cix,
548 2433 591 2474 in
636 2433 830 2474 Concilio
870 2433 1005 2474 tocius
1048 2431 1217 2485 Angliae
1258 2430 1371 2485 apud
1416 2429 1694 2483 Notingham.

166 2491 366 2533 Testibus
390 2492 561 2533 Thoma
602 2491 931 2546 Archiepiscopo
956 2490 1230 2538 Eboracensi,
1254 2498 1296 2530 et
1322 2488 1508 2529 Ricardo
1533 2487 1695 2527 Londi-

165 2550 300 2590 niensi
334 2552 546 2605 episcopo,
571 2558 611 2591 et
651 2549 873 2590 Willielmo
907 2548 1139 2590 Exoniensi
1161 2546 1376 2602 episcopO,
1402 2555 1445 2587 et
1469 2545 1692 2586 Rodberto

168 2608 397 2649 Cestriensi
423 2609 651 2664 Episcopo,
675 2616 716 2648 et
744 2607 958 2649 Herberto
984 2605 1244 2647 Norwicensi
1269 2604 1494 2658 Episcopo,
1514 2611 1557 2644 et
1577 2603 1695 2644 Her-

164 2666 259 2707 veio
299 2667 457 2707 Eliensi
495 2666 720 2720 Episcopo,
745 2674 786 2706 et
824 2665 1006 2707 Giberto
1042 2664 1212 2705 Abbate
1249 2660 1626 2711 westmonasterii,
1650 2670 1694 2701 et

166 2723 390 2765 Rodberto
422 2723 575 2765 comite
610 2723 662 2764 de
688 2723 806 2772 Mer,
831 2732 873 2764 et
899 2722 1123 2763 Willielmo
1145 2722 1198 2762 de
1224 2721 1403 2768 VVaran,
1428 2729 1469 2760 et
1495 2718 1694 2760 Gilberto

164 2782 216 2823 de
245 2783 410 2838 Aquila,
431 2792 474 2823 et
494 2781 665 2835 Nigello
688 2781 741 2822 de
766 2781 935 2831 Alben',
955 2789 998 2822 et
1020 2780 1248 2822 Rodberto
1270 2778 1324 2820 de
1342 2777 1515 2827 Laceio,
1535 2785 1576 2817 et
1602 2776 1697 2818 Un-
