1807 2962
173 114 345 161 CXXXlV
480 130 615 161 HIST.
644 128 878 162 DUNELM.
908 125 1213 160 SCRIPTORES
1239 124 1380 156 TRES.

179 236 306 291 capiS‚
330 244 374 278 et
396 237 562 279 duobus
583 236 802 286 frontellis,
825 250 880 277 ex
902 233 1131 289 largicione
1148 231 1308 274 domini
1326 231 1499 273 Ricardi
1521 231 1576 272 de
1592 230 1709 287 Bury

181 295 344 336 dudum
380 295 681 336 Dunolmensis
712 293 911 349 episcopi,
935 293 990 334 ad
1020 307 1096 333 nos
1127 300 1171 332 et
1199 289 1418 332 ecclesiam
1441 289 1714 332 Dunolmen-

182 367 272 395 sem
303 353 627 409 pertinentibuS,
667 362 710 393 et
746 352 788 393 in
810 350 1072 407 possessione
1102 358 1248 390 nostra
1287 347 1578 397 existentibus,
1616 361 1713 403 quae

181 411 362 466 praefato
395 411 568 452 dom-ino
593 410 795 459 Ricardo,
819 410 921 450 dum
951 407 1071 458 vixit,
1095 422 1173 462 pro
1203 406 1291 447 vita
1311 421 1387 447 sua
1406 414 1624 462 gratanter
1644 419 1714 446 ac-

183 469 512 520 comodavimus,
536 478 578 510 et
613 483 710 524 quae
746 466 944 508 dominus
978 466 1192 507 Robertus
1217 464 1362 514 Calue,
1392 463 1637 504 willielmus
1659 462 1714 503 de

186 527 508 583 Hemmyngton
549 536 593 568 et
635 525 877 567 Willielmus
918 525 972 566 de
1009 523 1135 572 Assh,
1177 531 1428 564 executores
1470 519 1714 562 testamenti

182 585 285 627 dicti
322 585 510 627 defuncti
544 593 756 639 occupant
792 593 836 625 et
868 582 1059 624 detinent
1093 582 1230 622 minus
1256 580 1386 636 juste,
1414 588 1625 634 petentes,
1660 593 1714 620 ex

182 653 303 697 parte
337 658 433 693 una,
473 652 515 685 et
551 643 687 684 dictos
720 650 971 683 executores
997 639 1340 681 contradicentes
1369 652 1426 679 ex
1446 637 1592 687 altera,
1616 651 1716 678 con-

183 701 343 757 quievit
374 701 415 742 in
447 701 559 742 hunc
583 700 753 741 modum
774 715 785 749 3
818 699 1017 740 videlicet
1038 698 1153 754 quod
1176 696 1280 738 dicti
1301 704 1553 737 executores
1574 694 1718 736 omnia

182 759 436 801 vestimenta
466 769 510 801 et
534 757 732 800 frontalia
763 757 1006 812 supradicta
1026 755 1150 797 nobis
1171 755 1401 804 traderent,
1425 753 1714 803 restituerent,

184 827 227 860 et
249 818 302 859 de
325 818 484 859 eisdem
506 816 794 858 satisfacerent
808 816 860 857 ad
876 815 1050 870 plenum
1070 829 1081 863 3
1114 813 1173 854 ita
1193 812 1309 870 quod
1332 827 1407 853 nos
1428 811 1541 867 ipsos
1562 825 1718 852 execu-

183 886 298 917 tores
321 890 421 930 erga
452 889 755 932 quoscumque,
780 872 1003 915 occasione
1034 871 1348 927 premissorum,
1371 884 1719 910 conservaremus

184 934 447 988 indempnes,
513 933 644 987 Cujus
679 931 922 973 concordiae
953 939 1151 985 pretextu
1188 928 1295 969 dicti.
1322 935 1572 968 executores
1594 926 1718 968 nobis

186 994 442 1033 vestimenta·
473 991 681 1046 praedicta
713 1005 809 1031 cum
843 988 1061 1030 frontellisss-
1086 985 1337 1042 supradictis
1370 984 1638 1026 tradiderunt
1674 993 1719 1025 et

184 1051 473 1092 liberaverunt
491 1064 512 1098 3⁷
534 1059 575 1090 et
607 1049 859 1089 noseodum
881 1056 1080 1102 pretextu
1102 1058 1301 1086 cavemus
1323 1053 1366 1084 et
1387 1043 1622 1097 obligamus
1643 1057 1721 1084 nos

184 1124 261 1164 per
283 1116 528 1163 praesentes-v
544 1106 600 1148 ad
636 1105 976 1147 conservandum
1014 1104 1152 1144 dictos
1188 1110 1440 1144 executores
1471 1115 1637 1155 semper
1654 1100 1720 1141 in-

188 1167 394 1221 dempnes
429 1164 600 1206 racione
634 1164 757 1218 hujus
788 1160 1111 1204 deliberacionis
1142 1161 1353 1202 dictorum
1376 1158 1721 1200 vestimentorum

187 1240 284 1266 cum
314 1222 538 1272 frontellis,
573 1231 621 1263 ut
641 1222 931 1276 praemittitur,
955 1235 1056 1274 erga
1077 1225 1242 1260 omnes.
1308 1218 1358 1259 In
1380 1217 1499 1272 cujus
1521 1218 1581 1258 rei
1604 1216 1722 1258 testi-

186 1282 376 1323 monium
407 1281 587 1335 sigillum
621 1288 813 1322 nostrum
843 1293 1068 1320 commune
1082 1275 1363 1332 praesentibus
1386 1286 1449 1316 est
1470 1289 1723 1330 appensum.

186 1340 305 1382 Data
339 1338 558 1389 Dunolmi,
595 1353 674 1379 XXI
712 1338 780 1380 die
818 1336 970 1379 mensis
1003 1335 1266 1391 Septembris
1307 1348 1436 1385 anno,
1479 1337 1577 1384 δια,
1611 1340 1721 1373 §uls¹⁰

186 1407 349 1455 quinto.

307 1645 406 1673 CXV.
439 1641 702 1671 MA-NDATUM
741 1640 948 1668 EPISCOPI
987 1618 1301 1669 RECTORIBUSb
1323 1641 1422 1669 ETC.
1463 1641 1605 1668 INFRA-

308 1702 556 1731 CIVITATEM
592 1699 802 1727 DUNELM.
826 1699 886 1726 NE
931 1699 1201 1728 RELIGIOSOS
1243 1700 1375 1727 VIROS
1408 1699 1610 1730 ALIQUOS

310 1760 580 1789 ADMITTANT
621 1760 678 1786 AD
702 1755 1051 1785 PRAEDICANDUM
1095 1758 1291 1786 PRAETER
1334 1757 1609 1785 RELI-GIOSOS

306 1818 561 1847 MONACHOS
595 1814 950 1843 DUNELMENSES.

772 1891 884 1935 [Orig.
900 1893 953 1923 23.
974 1892 1055 1924 Loc.
1076 1892 1144 1932 19.]

251 1973 455 2021 Thomas,
479 1969 753 2025 permissione
777 1969 940 2010 Divina
957 1968 1262 2011 D‘unolmensis
1285 1968 1537 2024 Episcopus,
1565 1968 1727 2010 Recto-

191 2031 306 2072 ribus
345 2029 520 2070 Vica1·iis
553 2037 593 2069 et
632 2027 873 2082 Capel-lanis
904 2026 1228 2082 parochialibus,
1253 2027 1448 2068 omnibus
1471 2036 1513 2068 et
1534 2027 1724 2081 singulis,

194 2089 393 2130 Civitatis*
402 2097 557 2127 nostrae
573 2085 892 2135 Dunolmensis,
907 2086 1102 2135 salutem,
1115 2085 1294 2140 gratiam
1308 2094 1350 2126 et
1361 2084 1720 2128 benedictionem.

171 2148 318 2197 Cum,
357 2161 383 2187 a
413 2154 604 2199 tempore
636 2144 689 2184 de
720 2143 840 2197 cujus
871 2145 1082 2184 contrario
1120 2143 1320 2184 memoria
1364 2158 1451 2184 non
1481 2143 1641 2193 existit,
1680 2144 1723 2183 in

190 2205 368 2246 ecclesia
399 2213 542 2244 nostra
575 2200 872 2251 Dunolinensi,
908 2214 961 2242 ex
983 2201 1166 2257 quadam
1195 2200 1396 2242 laudabili
1417 2201 1724 2242 consuetudine

191 2263 316 2305 fuerit
348 2263 633 2309 observatum,
667 2259 783 2315 quod
813 2259 1010 2300 monachi
1044 2259 1356 2300 Dunelmenses
1379 2259 1433 2300 ad
1455 2259 1536 2299 hoc
1558 2258 1719 2300 habiles

190 2331 232 2363 et
268 2319 438 2377 ydonei,
476 2318 540 2359 vel
572 2318 644 2359 alii
677 2331 756 2372 per
775 2317 945 2358 eosdem
969 2317 1199 2358 nronacfios
1231 2316 1411 2367 invitati,
1441 2317 1534 2357 vice
1556 2325 1718 2367 nostra,

190 2378 363 2434 singulis
390 2378 540 2418 diebus
563 2375 784 2417 dominicis
806 2384 901 2429 post
922 2374 1147 2430 prandium
1170 2374 1212 2415 in
1240 2374 1589 2429 Quadragesima,
1613 2383 1657 2415 et
1678 2375 1721 2415 in

191 2438 341 2479 diebus
381 2435 670 2490 Rogationum
712 2434 756 2474 in
790 2433 878 2474 aliis
916 2433 1103 2474 ecclesiis
1139 2432 1350 2482 Civitatis,
1385 2432 1498 2472 horis
1535 2440 1579 2473 et
1618 2432 1722 2473 locis

192 2494 455 2551 opportuniS,
481 2492 576 2533 viris
597 2494 752 2547 passim
774 2500 817 2532 et
831 2490 1076 2533 mulieribus
1092 2505 1327 2546 proponere
1341 2490 1527 2531 debeant
1544 2490 1722 2531 verbum

196 2553 303 2595 Dei:
346 2553 401 2593 ad
441 2565 567 2607 quam
608 2549 779 2605 quidem
821 2548 1187 2598 consuetudinem,
1221 2563 1273 2589 ne
1310 2547 1352 2588 in
1384 2547 1719 2589 dissuetudinem

190 2612 326 2661 abeat,
351 2609 701 2657 continuandum,
736 2607 864 2648 iidem
896 2606 1108 2656 monachi,
1143 2614 1349 2662 quantum
1381 2605 1423 2646 in
1447 2607 1506 2646 eis
1529 2614 1605 2655 est,
1630 2605 1722 2647 istis

194 2669 454 2724 temporibus
480 2682 524 2707 se
542 2674 782 2720 praeparant
797 2673 840 2705 et
862 2665 1091 2719 disponunt
1111 2664 1331 2705 affectibus
1348 2663 1547 2704 studiosis
1566 2679 1578 2711 3
1601 2663 1725 2705 vobis-

191 2726 393 2767 universis
425 2733 467 2766 et
500 2723 672 2777 singulis
708 2723 885 2763 firmiter
917 2721 1180 2778 injungendo
1212 2721 1475 2771 mandamus,
1509 2720 1722 2776 quatinuS,

189 2799 285 2825 cum
318 2782 521 2838 religiosis
553 2781 644 2823 aliis
669 2782 795 2836 juxta
822 2780 1045 2823 canonicas
1068 2779 1305 2822 sanctiones
1329 2778 1372 2821 in
1394 2779 1578 2821 ecclesiis
1605 2778 1723 2820 Civi-
