1807 2962
390 112 667 145 APPENDIX.
708 111 827 143 ANN.
857 112 1256 144 MCCCCXXXVIII.
1480 98 1580 147 CClV

45 234 187 266 tamen
209 224 252 264 in
275 230 572 278 contemptum
595 220 788 270 clavium,
812 219 1131 276 quomodolibet
1167 218 1473 271 contraxerint,
1498 220 1582 261 dis-

43 297 238 339 pensare,
263 296 515 337 omnemque
538 278 810 320 inhabilitatis
833 287 877 319 et
898 277 1084 318 infamiae
1106 278 1316 319 maculam
1331 277 1417 319 sive
1435 287 1580 319 notam

45 356 119 397 per
141 342 250 395 ipsos
274 348 316 381 et
338 338 524 393 ipsorum
547 338 781 394 quemlibet
811 335 1126 392 praemissorum
1150 336 1374 377 occasione
1391 344 1583 377 contrac-

47 410 132 441 tam
157 398 323 453 penitus
346 397 518 438 abolere
542 396 682 437 valeas
704 411 776 436 seu
808 394 991 444 valeant,
1015 393 1237 435 devocioni
1261 402 1412 436 vestrae
1435 403 1583 435 tenore

46 457 323 514 praesentium
346 455 629 509 indulgemus,
671 454 877 494 Volumus
900 461 1043 493 autern
1063 452 1178 508 quod
1197 452 1229 492 si
1245 467 1328 508 qua
1345 452 1583 493 satisfaccio

47 515 255 571 aliquibus
303 512 492 568 personis
538 511 760 553 occasione
801 512 991 552 incursus
1028 509 1353 561 sentenciarum,
1392 525 1587 552 censura-

49 589 160 622 rum,
194 581 238 614 et
284 586 506 627 poenarum
556 569 799 625 hujusmodi
842 569 908 610 vel
944 568 1120 624 alicujus
1152 568 1335 624 ipsarum
1368 584 1443 624 per
1474 569 1585 625 ipsos

49 631 284 686 religiOSOS,
342 639 416 671 aut
472 628 658 684 ipsorum
716 627 914 684 aliquem,
976 627 1265 682 impendenda
1323 627 1463 678 fuerit,
1517 627 1587 669 illa

50 690 161 731 infra
190 698 352 730 certum
385 688 717 742 peremptorium
739 685 967 727 terminum
990 694 1305 741 competentem
1327 701 1403 741 per
1426 695 1467 728 te
1489 686 1589 742 ipsis

51 749 118 790 vel
151 748 338 802 ipsorum
371 746 492 787 alteri
515 744 841 802 praefigendum,
869 758 945 798 per
965 744 1080 799 ipsos
1102 753 1176 786 aut
1199 744 1385 800 ipsorum
1407 744 1588 786 alterum

51 807 133 848 rite
169 806 258 849 fiat.
339 803 556 860 Alioquin,
597 802 778 845 termino
814 804 907 858 ipso
944 802 1135 852 defluxo,
1175 814 1217 844 et
1255 803 1339 844 alio
1380 802 1588 858 religiosis

53 863 298 920 hujusmodi
328 877 456 918 super
487 862 568 903 hoc
590 877 676 903 non
699 861 958 918 suffragante
976 860 1194 911 canonico,
1219 861 1259 902 in
1277 861 1472 916 pristinas
1495 876 1591 902 sen-

54 925 222 973 tentias,
257 936 467 971 censuraS,
501 929 545 961 et
561 935 709 975 poenas
730 919 919 974 relapsos
942 935 987 961 se
1009 919 1205 961 noverint
1227 935 1280 961 eo
1301 919 1406 975 ipso.
1470 919 1590 961 Nulli

55 997 158 1038 ergo
191 979 366 1021 omnino
388 978 610 1020 hominum
632 978 757 1019 liceat
777 977 886 1018 hanc
910 977 1106 1035 paginam
1131 986 1289 1020 nostrae
1310 978 1589 1020 concessionis

54 1048 99 1080 et
134 1037 361 1080 voluntatis
403 1037 643 1092 infringere,
681 1036 747 1078 vel
784 1035 821 1076 ei
858 1051 962 1077 ausu
995 1036 1221 1077 temerario
1253 1036 1477 1080 contraire.
1545 1035 1590 1078 Si

56 1097 148 1154 quis
181 1107 323 1138 autem
356 1095 437 1136 hoc
459 1103 715 1150 attemptare
737 1094 1066 1148 praesumpserit,
1092 1094 1436 1149 indignacionem
1459 1095 1593 1135 omni-

56 1155 244 1211 potentis
285 1154 367 1195 Dei
405 1163 447 1194 et
480 1155 703 1195 beatorum
739 1152 855 1193 Petri
882 1162 926 1193 et
952 1152 1085 1202 Pauli,
1109 1153 1397 1207 apostolorum
1421 1155 1521 1209 ejus,
1545 1168 1590 1193 se

58 1213 224 1254 noverit
246 1211 527 1253 incursurum.
590 1211 706 1252 Data
732 1210 951 1261 Ferrariae,
976 1226 1088 1252 anno
1111 1211 1417 1252 incarnacionis
1443 1211 1596 1251 Domi-

58 1272 168 1312 nicae
202 1285 257 1311 Mo
294 1269 711 1326 quadringentesimo
747 1269 960 1310 tricesimo
993 1279 1161 1320 octavo,
1201 1278 1353 1312 octavo
1389 1270 1590 1311 kalendas

62 1330 185 1380 Maii,
209 1329 483 1386 pontificatus
507 1327 636 1369 nostri
658 1342 770 1368 anno
792 1336 959 1369 octavo.

178 1654 348 1682 CCXVII.
381 1653 529 1680 PRIMA
552 1651 720 1678 LITERA
737 1651 867 1679 MISSA
892 1653 1107 1681 ROBERTO
1140 1654 1356 1683 EPISCOPO
1392 1656 1475 1683 DU-

354 1710 591 1738 NELMENSI
615 1710 726 1738 POST
750 1711 871 1738 SUAM
895 1712 1299 1741 POSTULACIONEM.

559 1807 665 1849 [Reg.
682 1806 732 1837 II.
750 1804 851 1836 Parv.
866 1803 914 1837 fol
942 1806 1016 1838 114.
1033 1806 1083 1849 b.]

126 1901 497 1945 Reverendissime
520 1901 562 1942 in
583 1900 753 1943 Christo
771 1909 894 1955 pater
909 1915 956 1941 ac
974 1900 1146 1943 domine
1167 1902 1224 1943 mi
1246 1902 1588 1959 singularissime,

64 1962 282 2018 praemissa
308 1959 735 2002 recommendacione
756 1959 978 2000 humilima
999 1974 1094 2000 cum
1118 1961 1232 2001 omni
1255 1964 1591 2019 promptitudine

64 2019 298 2077 subjectiva
318 2018 581 2060 obedienciae
604 2027 646 2059 et
668 2017 852 2059 honoris.
916 2017 985 2058 De
1008 2028 1147 2059 vestra
1167 2020 1474 2074 graciosissima
1496 2038 1592 2078 pro-

66 2079 261 2120 mocione
278 2078 504 2119 vehemens
522 2075 631 2118 inest
652 2077 785 2117 menti
807 2091 914 2116 meae
936 2076 1114 2117 materIa
1135 2077 1300 2121 laeticiae
1323 2090 1364 2121 et
1387 2081 1592 2122 exultaci-

64 2139 173 2187 onis,
197 2151 370 2191 sperans
393 2134 668 2176 infallibiliter
690 2134 804 2190 quod
836 2134 1015 2175 ecclesia
1037 2135 1354 2188 Dunelmensis,
1378 2148 1421 2180 et
1443 2155 1591 2182 omnes

66 2204 208 2250 partes
243 2192 564 2247 circumpositae,
589 2207 669 2247 ope
702 2202 854 2233 vestrae
885 2191 1191 2244 sollicitudinis,
1216 2197 1509 2250 prosperitatis
1547 2208 1591 2240 et

66 2254 183 2308 pacis
216 2251 501 2306 pulcritudine
540 2250 706 2291 uberius
736 2250 1025 2298 reflorebunt3
1057 2265 1136 2305 pro
1166 2268 1218 2293 eo
1249 2255 1364 2309 quod
1397 2271 1483 2306 vos,
1519 2256 1591 2311 qui

68 2310 167 2352 estis
200 2309 401 2363 indigena
429 2307 662 2349 beatissimi
688 2307 955 2349 Confessoris
982 2309 1224 2360 Cuthberti,
1257 2315 1429 2366 patroni
1460 2315 1590 2355 vestri

66 2383 116 2409 ac
152 2369 296 2417 nostri,
333 2367 449 2407 velut
482 2381 607 2420 super
642 2366 777 2407 solum
812 2365 1000 2421 ejusdem
1036 2367 1252 2421 proprium
1295 2384 1351 2410 ex
1391 2374 1591 2414 maternis

68 2425 298 2468 visceribus
321 2424 492 2474 effusus,
517 2439 566 2465 ac
587 2422 720 2464 eciam
746 2423 963 2473 educatuS,
987 2424 1055 2471 cuj
1087 2425 1221 2466 eciam
1253 2442 1400 2469 omnes
1432 2430 1592 2473 domini

68 2494 113 2526 et
134 2484 314 2539 majores
336 2491 437 2523 natu
459 2482 582 2538 hujus
603 2481 752 2536 patriae
774 2496 931 2535 genere
963 2491 1059 2523 sunt
1088 2483 1326 2540 propinqui,
1351 2487 1404 2528 ad
1427 2491 1591 2543 apicem

68 2542 322 2597 pastoralem
353 2540 525 2590 ibidem,
548 2549 805 2594 procurante
834 2539 993 2580 Divina
1021 2540 1352 2595 dispensacione,
1382 2546 1593 2602 attingere

70 2599 294 2642 meruistis,
341 2599 555 2640 Caeterum
580 2606 732 2638 vestrae
753 2597 994 2638 recolendae
1011 2598 1316 2641 dominacionis
1336 2603 1590 2658 celsitudini,

71 2667 157 2699 tam
186 2673 262 2712 pro
288 2656 500 2697 immensis
523 2655 864 2711 gratitudinibuS,
889 2671 1015 2711 quam
1038 2656 1170 2697 eciam
1193 2659 1391 2712 graciosis
1413 2664 1595 2706 auxilio-

71 2731 163 2756 rum
197 2715 420 2764 favoribus,
448 2714 549 2755 mihi
580 2729 605 2755 a
636 2724 776 2754 vestra
806 2714 1104 2756 dominacione
1136 2715 1350 2770 impensis,
1375 2719 1520 2763 laudes
1552 2732 1594 2765 et

71 2775 307 2827 graciarum
344 2772 550 2823 acciones,
585 2787 687 2828 quas
723 2771 853 2822 valeo,
881 2772 986 2814 duxi
1023 2772 1288 2823 referendas3
1327 2786 1368 2818 et
1401 2778 1443 2819 id
1478 2783 1593 2836 quod
