1807 2962
186 93 262 140 viii
489 109 625 141 HIST.
649 108 886 141 DUNELM.
918 107 1225 140 SCRIPTORES
1252 107 1392 138 TREs.

183 215 315 270 digna
347 216 524 258 ulcionis
558 231 685 268 poena
715 215 843 272 plecti
875 215 1095 257 mandavit
1128 213 1176 270 (i.
1213 213 1378 269 Rex*)‚
1413 228 1557 256 verum
1580 215 1713 257 eciam

186 273 486 315 Dunelmensis
520 273 711 316 ecclesiae
743 273 916 315 clericos
950 271 1311 321 maleaeeionales‚
1344 272 1550 327 quosdam
1581 273 1714 314 eciam

185 346 335 372 eorum
366 341 452 374 tam
487 332 716 374 execrabili
749 331 1051 387 sacrilegorum
1083 328 1281 385 prosapia
1301 329 1517 381 oriundos,
1541 340 1718 385 propter

185 390 318 431 vitam
350 404 470 431 suam
502 389 848 446 incorrigibilem,
882 388 1134 429 auctoritate
1157 387 1404 442 apostolica,
1428 387 1528 429 inde
1549 387 1716 443 penitus

188 446 409 498 eliminari,
441 456 487 489 et
516 447 726 504 religiosae
749 448 848 488 vitae
871 445 1115 496 monachos,
1139 445 1210 501 qui
1231 444 1274 485 in
1297 445 1463 486 duobus
1484 445 1588 487 locis
1609 447 1717 501 epis-

186 514 364 560 copatus
393 505 457 547 tui
480 505 578 547 Deo
601 504 798 554 militant,
822 504 864 544 in
885 503 1108 559 praefatam
1130 501 1353 544 ecelesiam
1376 503 1716 546 Dunelmensem

188 563 518 613 transferendos,
557 562 777 617 apostolici
813 561 957 618 scripti
995 560 1244 616 patrocinio,
1278 559 1349 601 illo
1376 560 1418 601 in
1440 561 1535 602 loco
1557 561 1611 603 ad
1632 576 1719 603 ser-

187 620 389 663 viendum
423 622 522 663 Deo
555 622 598 662 in
631 630 848 676 posterum
879 628 1090 675 perpetuo
1122 617 1361 660 confirmari
1393 627 1435 660 et
1465 619 1717 660 communiri

190 693 318 734 quam
349 679 534 720 maxime
565 694 642 720 nos
674 678 866 734 postulat
897 677 943 732 (i.
972 676 1131 729 Rex*).
1201 676 1331 718 Unde
1353 688 1438 718 tam
1462 692 1720 718 commemo-

188 736 369 778 rabilem
399 736 531 791 regiae
562 735 807 791 majestatis,
843 750 969 791 quam
1000 733 1188 790 specialis
1221 733 1297 775 filii
1328 734 1460 775 nostri
1489 735 1718 776 Lanfranci

188 794 509 849 Archiepiscopi
531 803 573 835 et
590 793 863 835 fraternitatis
880 802 965 834 tuae
990 792 1115 847 justis
1134 791 1496 847 postulacionibus
1513 793 1716 843 inclinati,

189 866 244 893 ne
277 852 430 894 merito
464 852 542 893 tibi
574 852 742 892 dicatur
775 850 875 907 quia
905 849 1113 891 increduli
1147 859 1190 891 et
1223 850 1497 892 subversores
1526 860 1623 892 sunt
1655 859 1720 892 te-

190 925 302 960 cum,
345 919 387 952 et
428 925 525 951 cum
565 909 862 964 scorpionibus
903 908 1082 957 habitem,
1125 907 1378 949 auctoritate
1420 917 1464 950 et
1505 918 1718 963 potestate

185 968 311 1009 nobis
344 967 546 1009 divinitus
580 967 748 1016 collata,
784 966 944 1008 eisdem
977 965 1138 1007 clericis
1175 980 1200 1006 a
1233 965 1515 1007 Dunelmensi
1543 966 1720 1008 ecclesia

187 1025 534 1082 irrefragabiliter
570 1025 782 1074 recedere,
821 1032 864 1065 et
896 1023 968 1065 ubi
1001 1023 1242 1064 fraternitas
1274 1033 1347 1064 tua
1373 1023 1430 1064 eis
1454 1024 1653 1066 victualia
1674 1024 1719 1066 in

186 1083 275 1125 vita
310 1099 385 1125 sua
424 1083 683 1124 sufficienter
718 1081 952 1137 providerit
988 1081 1163 1136 pacifice
1199 1082 1441 1122 conversari
1478 1081 1716 1132 indicimus,

186 1140 451 1196 possessione
482 1141 673 1196 qualibet
695 1139 976 1181 ecclesiastica
998 1154 1069 1180 eos
1092 1147 1300 1193 perpetuo
1322 1139 1549 1193 privanteS‚
1569 1140 1601 1180 si
1624 1150 1720 1195 post

187 1208 276 1240 tam
308 1200 586 1240 necessariam
611 1212 752 1239 rerum
775 1196 1094 1238 ordinacionem
1122 1196 1370 1251 apostolicae
1392 1197 1721 1252 dispensacionis

187 1256 401 1297 beneficio
418 1256 477 1297 eis
499 1255 666 1296 indulto
688 1255 987 1312 qualicumque
1010 1254 1292 1295 oblocucione
1318 1255 1545 1297 temeraria
1566 1270 1721 1296 renun-

191 1316 304 1355 ciare
369 1313 720 1369 presumpserint.
823 1312 879 1353 Et
941 1311 1141 1368 quoniam
1208 1313 1426 1363 debemus,
1489 1313 1721 1354 auxiliante

196 1372 307 1422 Deo,
331 1381 517 1413 statuere
538 1386 591 1412 ne
611 1371 811 1420 rediviva,
848 1371 963 1426 quod
997 1369 1116 1419 absit,
1137 1378 1366 1425 tempestas
1388 1371 1657 1426 superveniat
1679 1371 1721 1411 in

192 1439 422 1485 posterum,
446 1429 672 1484 providere
688 1428 918 1470 monachos
935 1429 1006 1483 qui
1024 1428 1066 1468 in
1090 1427 1425 1469 Weremuthensi
1443 1438 1486 1470 et
1507 1429 1722 1484 Gyruensi

192 1487 451 1529 monasterio
485 1487 630 1528 divino
663 1486 803 1527 officio
834 1486 1085 1540 regulariter
1114 1485 1421 1540 mancipantur,
1445 1486 1487 1527 in
1510 1497 1722 1528 monaste-

191 1545 302 1587 rium
322 1545 630 1595 Dunelmense‚
652 1543 749 1585 Deo
767 1554 809 1585 et
824 1544 951 1585 beato
968 1543 1210 1585 cuthberto
1223 1544 1460 1585 reverendo
1477 1545 1721 1594 confessori,

192 1604 234 1644 in
271 1603 501 1658 praesencia
534 1602 767 1656 incorrupti
805 1600 938 1643 sancti
976 1600 1179 1656 corporis,
1207 1603 1335 1656 juxta
1367 1601 1723 1644 Lindisfarnensis

192 1661 442 1703 monasterii
474 1660 693 1715 pristinam
726 1658 1090 1708 consuetudinem,
1118 1659 1313 1699 ordinem
1337 1660 1614 1700 monasticum
1637 1675 1724 1701 ser-

193 1729 365 1761 vaturos
382 1719 696 1773 imperpetuum
711 1717 940 1758 servituros
954 1731 1143 1771 congrua
1157 1716 1465 1757 deliberacione
1482 1717 1722 1766 convocari,

194 1788 239 1819 et
267 1777 456 1819 uirorum
488 1786 560 1817 aut
583 1774 892 1817 autenticorum
916 1774 1160 1815 testimonio
1182 1774 1357 1815 stabiliri
1377 1785 1420 1816 et
1442 1775 1722 1825 corroborari,

195 1845 324 1891 atque
355 1836 414 1875 eis
446 1849 628 1890 quaeque
642 1833 878 1873 necessaria
898 1832 1113 1886 assignari,
1140 1832 1238 1872 Deo
1259 1841 1446 1883 auctore,
1470 1833 1702 1874 sanccimus
1712 1849 1723 1882 3

197 1892 412 1948 praedictis
447 1901 591 1932 tamen
625 1889 903 1939 monasteriis,
935 1905 1031 1945 quae
1054 1888 1116 1929 sui
1133 1889 1239 1943 juris
1261 1903 1353 1929 esse
1377 1899 1555 1940 constat,
1580 1906 1727 1933 mona·-

199 1950 376 1991 chorum
412 1949 657 2005 frequencia
684 1956 726 1988 et
748 1947 924 1988 servicio
945 1961 1158 2002 nunquam
1181 1947 1441 1991 vacantibus.
1509 1948 1726 1990 Praeterea

199 2007 465 2048 decernimus
497 2015 541 2047 et
569 2004 806 2056 statuimus,
830 2013 873 2045 et
895 2004 1039 2059 scripti
1061 2004 1186 2058 hujus
1207 2004 1457 2046 auctoritate
1478 2006 1726 2047 omnimodo

198 2066 427 2113 firmamus,
460 2063 656 2119 quatinus
688 2062 884 2103 monachi
917 2061 1231 2102 Dunelmenses
1264 2062 1316 2103 de
1344 2077 1419 2103 sua
1440 2077 1604 2118 semper
1625 2078 1728 2104 con-

200 2121 456 2178 gregacione
473 2121 650 2162 liberam
672 2119 934 2161 eleccionem
950 2119 1107 2160 Prioris
1125 2119 1326 2160 habeant.
1383 2120 1439 2161 Et
1456 2120 1724 2177 quicumque,

202 2179 418 2221 communi
448 2179 624 2219 fratrum
657 2177 847 2227 consilio,
880 2186 922 2218 et
949 2191 1096 2218 eorum
1119 2177 1291 2232 propria
1312 2177 1544 2228 voluntate,
1567 2179 1727 2220 electus

203 2237 329 2280 Prior
342 2251 434 2277 esse
450 2237 694 2285 merebitur,
714 2244 798 2276 tam
814 2236 950 2290 ipsum
968 2249 1093 2291 quam
1112 2235 1342 2276 monachos
1360 2245 1402 2277 et
1417 2251 1564 2277 omnes
1578 2251 1727 2277 eorum

202 2294 488 2350 possessiones
520 2294 598 2334 sub
635 2292 749 2334 beati
784 2292 901 2334 Petri
937 2302 980 2333 et
1017 2292 1263 2347 apostolicae
1304 2293 1414 2333 sedis
1456 2293 1728 2347 proteccione

203 2362 246 2394 et
287 2351 525 2406 patrocinio
565 2350 852 2405 suscipientes,
939 2351 1061 2400 Item,
1105 2350 1336 2391 secundum
1372 2351 1728 2392 Lindisfarnensis

202 2410 387 2452 Abbatis
419 2409 635 2468 antiquam
668 2407 934 2464 dignitatem,
969 2408 1176 2462 praedicto
1200 2407 1337 2448 Priori
1360 2408 1582 2449 dexteram
1608 2408 1730 2462 Epis-

204 2467 315 2523 copi,
339 2477 380 2508 et
401 2467 584 2523 primum
602 2467 741 2506 locum
759 2474 801 2506 et
818 2466 1023 2506 honorem
1042 2475 1138 2520 post
1156 2464 1416 2519 episcopum,
1437 2475 1479 2506 et
1496 2466 1535 2506 in
1554 2466 1730 2506 eeclesia

206 2525 486 2566 Dunelmensi
522 2524 667 2565 sedem
703 2523 883 2564 Abbatis
917 2522 958 2563 iu
991 2522 1134 2571 choro,
1168 2531 1212 2563 ct
1242 2523 1385 2563 omnia
1415 2523 1552 2564 officia
1573 2531 1615 2564 et
1630 2523 1730 2577 jura

204 2582 384 2625 Abbatis
405 2597 533 2638 super
554 2580 785 2623 monachos
807 2590 848 2622 et
870 2594 1018 2622 eorum
1040 2579 1335 2635 possessiones,
1360 2580 1530 2622 nomine
1556 2580 1726 2632 Prioris,

689 2701 703 2718 ⁴·
721 2694 913 2728 Inter-lined
930 2695 964 2727 in
982 2695 1042 2728 the
1060 2695 1250 2737 transcript.
