1807 2962
458 75 786 111 wittmmms
814 77 880 110 DE
907 74 1171 109 CHAMBRE.
1491 68 1578 112 141

61 186 300 230 Matutinas
322 194 364 229 et
397 198 545 228 omnes
580 185 682 227 alias
721 184 866 227 Horas
895 183 1116 226 canonicas
1151 182 1274 224 simul
1316 183 1470 226 dicant.
1537 186 1586 227 In

60 245 208 287 diebus
230 259 329 286 vero
354 244 591 285 Dominicis
609 252 652 284 et
668 243 757 284 aliis
775 243 891 284 festis
909 242 1149 297 duplicibus
1166 256 1311 283 omnes
1328 244 1588 284 conveniant

60 303 103 343 in
127 302 317 358 Capella.
369 304 576 357 (Sequitur
596 303 796 344 Statutum
816 303 910 342 hene
922 302 1134 353 prolioewn
1155 302 1203 341 de
1222 302 1377 341 orando
1390 314 1473 352 pro
1495 303 1587 341 ani-

60 362 201 402 malms
225 361 473 402 Fundatorz's
502 362 714 413 Episcopz,
757 360 965 400 Edwardi
999 359 1143 412 Reyis,
1185 359 1273 412 ξε.)
1337 357 1556 412 Insuper
1546 373 1588 398 1n

60 418 285 473 praefatum
309 416 550 472 Collegium
573 415 919 458 V111.Schola1es
936 416 1172 466 saeculares,
1196 415 1267 471 qui
1284 414 1590 457 Grammaticae

60 476 126 518 vel
151 450 460 541 Philosophia?
461 473 751 530 principaliter
771 473 1009 523 intendant,
1032 481 1215 530 quatuor
1234 472 1395 514 scilicet
1417 472 1471 515 de
1491 472 1594 514 civi-

63 542 150 575 tate
172 533 239 576 vel
256 532 431 576 Diocesi
445 532 741 582 Dunelmensi‚
764 531 852 573 duo
871 531 925 572 de
941 531 1147 572 Dominio
1164 530 1218 572 de
1238 528 1370 573 Alvei
1373 530 1590 581 ton-scire,

60 601 104 633 et
126 592 212 633 duo
234 592 289 633 de
313 590 517 632 Dominio
538 589 760 644 ejusdem
750 604 793 630 ln
820 589 1186 645 Howedenscyre,
1210 603 1285 644 per
1307 602 1365 630 1v.
1387 588 1453 630 vel
1475 603 1516 630 V.
1538 589 1593 630 de

59 664 198 691 sen101
199 648 291 691 1bus
305 657 348 690 et
366 647 680 690 diseietioribus
698 646 924 688 Monachis
944 647 1147 690 Dunelm.
1171 645 1351 688 astrictis
1373 645 1416 688 in
1439 661 1590 689 eorum

59 706 323 749 conscientiis
346 721 419 762 ρει·
442 705 631 747 Priorem
657 704 859 746 Dunelm.
891 712 933 746 et
964 704 1190 746 habiliores
1211 712 1252 746 et
1285 703 1590 759 indigentiores

59 765 330 807 nominentur
349 764 437 806 sine
457 777 733 819 personatum
755 762 1000 817 acceptione
1021 762 1074 804 de
1096 761 1176 803 illis
1196 761 1358 818 patriiS,
1381 771 1591 819 quatenus

60 823 114 864 de
136 824 195 865 eis
212 831 405 865 constare
426 820 598 877 poterit,
631 832 705 862 aut
726 821 781 862 de
813 819 984 862 civitate
1010 827 1052 862 et
1094 819 1269 862 Dioeesi
1296 820 1591 872 Dunelmensi,

60 881 93 921 si
126 880 166 922 in
198 880 286 923 aliis
318 880 482 922 duabus
513 878 661 934 patriis
685 878 787 920 tales
809 877 965 933 reperti
986 893 1071 920 non
1103 878 1276 929 fuerint,
1300 887 1344 920 et
1379 893 1403 919 e
1440 888 1591 920 contra

59 939 114 981 ad
135 937 463 980 nominationem
487 937 701 979 dictorum
729 935 941 978 seniorum
985 950 1060 991 per
1098 936 1290 979 Priorem
1325 936 1593 978 Dunelmen-

59 1012 149 1039 sem
169 996 461 1039 admittentur.
525 995 693 1044 Quibus
728 994 1000 1036 Scholaribus
1042 995 1086 1035 in
1122 994 1308 1036 secunda
1347 1008 1490 1036 mensa
1524 1010 1583 1036 se-

22 1074 35 1088 ,
59 1069 202 1096 msum
223 1069 250 1096 a
272 1053 511 1103 Monachis,
535 1067 633 1095 cum
659 1052 828 1094 Clerico
849 1060 892 1094 et
913 1051 1003 1093 aliis
1034 1051 1135 1093 dicti
1161 1051 1345 1107 Collegii
1375 1052 1592 1094 servienti-

49 1114 136 1155 bus
137 1111 452 1178 providebitur
482 1125 558 1166 ρει
582 1109 772 1152 Priorem
802 1124 876 1150 seu
902 1109 1137 1151 Custodem
1159 1118 1243 1151 aut
1235 1118 1446 1165 receptm
1448 1125 1491 1151 es
1513 1110 1588 1152 de-

58 1169 271 1212 nariorum
292 1168 375 1211 loci
396 1183 542 1210 eorum
564 1167 692 1209 statui
714 1174 1018 1222 competenter,
1042 1175 1086 1208 et
1106 1167 1172 1208 bis
1207 1167 1251 1208 in
1288 1182 1400 1209 anno
1434 1169 1587 1209 tunicis

59 1237 102 1270 et
142 1227 319 1283 caputiis
360 1225 621 1268 vestientur·
610 1256 623 1274 ‚
675 1233 718 1267 et
762 1239 838 1280 per
881 1224 950 1266 Pi
941 1239 1074 1266 iorem
1112 1240 1188 1266 seu
1232 1225 1467 1266 Custodem
1503 1225 1587 1267 loci

59 1285 203 1328 debite
244 1285 564 1340 regulabuntur‚
599 1292 646 1324 ut
686 1282 728 1323 in
769 1282 945 1338 Capella
984 1282 1070 1323 duo
1101 1282 1285 1324 serviant
1325 1283 1588 1338 temporibus

60 1342 309 1399 opportunis
331 1342 549 1384 exorando
584 1356 664 1396 pro
700 1341 843 1382 anima
872 1339 975 1381 dicti
1001 1340 1035 1381 Γ
1040 1340 1230 1382 undatm
1220 1356 1270 1391 is,
1305 1350 1348 1382 et
1369 1340 1460 1382 aliis
1481 1349 1590 1383 tem-

60 1400 265 1468 poribus
255 1416 297 1442 in
322 1400 457 1443 Scolis
480 1407 524 1441 et
544 1399 644 1441 alibi
666 1398 801 1440 docti
793 1413 872 1439 mae
893 1413 982 1440 suae
1018 1397 1240 1454 invigilent
1267 1398 1505 1456 diligenter,
1538 1415 1588 1441 ac

61 1460 104 1501 in
126 1460 223 1501 aula
243 1466 286 1501 et
306 1458 410 1500 locis
430 1457 521 1499 aliis
551 1457 732 1499 honesta
768 1455 1010 1507 ministeria,
1035 1457 1265 1499 secundum
1298 1434 1415 1513 quod
1448 1457 1587 1499 Priori

60 1533 134 1559 seu
161 1515 340 1560 Custodi
360 1517 493 1558 visum
516 1515 613 1565 fuit,
637 1514 787 1556 libenti
820 1515 963 1556 animo
999 1522 1291 1571 exequantul·
1280 1546 1292 1564 ,
1324 1515 1424 1556 dum
1448 1525 1590 1558 tamen

60 1591 138 1632 per
168 1591 218 1617 ea
248 1589 395 1616 eorum
417 1573 629 1629 profectus
660 1572 702 1613 in
738 1573 924 1614 moribus
946 1580 1020 1614 aut
1058 1572 1327 1614 Scholasticis
1359 1572 1590 1629 disciplinis

62 1633 307 1675 nullatenus
328 1631 611 1687 impediatur,
643 1645 807 1672 necnon
839 1630 881 1671 in
917 1630 1031 1671 omni
1063 1630 1159 1673 loco
1180 1639 1222 1673 et
1244 1640 1437 1685 tempore
1460 1631 1588 1673 vitam

60 1691 285 1733 honestam
325 1689 480 1731 ducere
520 1696 757 1732 teneantur.
822 1690 1065 1741 [Succedunt
1097 1691 1258 1731 Statuta
1296 1691 1385 1730 alia
1420 1690 1591 1743 Colleyii

62 1750 350 1791 Dunelmensis
373 1746 503 1791 Ooeon.
535 1749 596 1790 Et
613 1749 804 1800 obliyatzo
826 1748 1051 1789 Conventus
1083 1748 1369 1789 Dunelmensis
1398 1747 1591 1790 Ecclesiae

61 1810 121 1849 ad
137 1808 368 1849 solvendum
387 1808 598 1847 annuatim
620 1807 705 1845 200
725 1819 890 1847 marcas
912 1805 1094 1855 Custodi,
1115 1806 1245 1848 Sociis
1266 1811 1305 1847 et
1332 1806 1595 1848 scholaribus

61 1868 161 1908 dicti
192 1866 361 1917 Colleyii
380 1866 424 1905 in
436 1862 740 1917 perpetuum.*]

125 1924 252 1965 Anno
275 1920 440 1965 Gratiae
471 1934 747 1971 Mcchxxxl,
765 1927 918 1962 octavo
936 1919 1004 1961 die
1026 1920 1182 1961 mensis
1203 1920 1316 1973 maii,
1339 1920 1445 1963 feria
1464 1936 1590 1977 quar-

64 1989 121 2032 ta,
154 1980 334 2035 contigit
369 1994 481 2021 anno
522 1979 597 2021 illo
636 1979 747 2020 circa
781 1978 930 2020 horam
952 1978 1034 2020 diei
1069 1985 1277 2034 quartam,
1316 1978 1422 2021 obiit
1461 1979 1588 2021 bonae

63 2038 276 2081 memoriae
293 2038 482 2080 Thomas
504 2037 558 2078 de
575 2036 771 2078 Hatfield
788 2037 1008 2092 episcopus
1028 2036 1328 2078 Dunelmensis
1344 2037 1457 2092 apud
1475 2052 1592 2079 man-

64 2112 155 2139 sum
178 2111 299 2139 suum
320 2110 453 2152 prope
477 2094 745 2136 Londoniam
760 2095 875 2151 quod
890 2094 1047 2136 dicitur
1067 2094 1244 2136 Alforde
1262 2110 1273 2144 3
1296 2096 1416 2150 cujus
1438 2110 1590 2151 corpus

65 2170 162 2198 cum
192 2155 459 2197 solemnitate
481 2161 525 2195 et
559 2153 795 2203 honestate,
838 2168 923 2209 qua
958 2153 1113 2203 decuit,
1151 2167 1284 2209 usque
1330 2154 1589 2195 Dunelmurn

65 2222 129 2256 est
145 2213 348 2263 delatum,
372 2211 603 2254 comitante
644 2225 808 2266 semper
829 2225 926 2252 cum
961 2225 1139 2265 corpore
1173 2225 1224 2251 ac
1257 2211 1401 2252 missas
1437 2212 1589 2267 saepius

65 2272 307 2314 celebrante
330 2270 544 2326 Episcopo
588 2269 908 2319 Herefordensi,
949 2283 1047 2310 cum
1087 2268 1228 2310 multis
1269 2268 1359 2310 aliis
1400 2269 1591 2324 personis

65 2329 301 2372 valentibus
323 2343 372 2370 ac
391 2326 619 2383 praeclaris,
681 2326 869 2381 Cognita
904 2334 1042 2367 morte
1063 2326 1254 2380 pastoris,
1278 2326 1473 2368 monachi
1495 2326 1589 2368 Du-

65 2387 315 2438 nelmenses,
338 2394 536 2451 tanquam
557 2400 638 2440 pro
678 2393 798 2439 patre
832 2383 1142 2440 benignissimo
1169 2384 1460 2435 condolentes,
1499 2386 1587 2450 ejus

66 2445 249 2488 animam
290 2443 478 2485 omnium
524 2441 719 2484 Cieatori
755 2441 947 2483 devotius
978 2441 1409 2482 recommendawunt
1399 2473 1410 2491 ‚
1457 2442 1591 2483 missis

65 2503 232 2545 duobus
252 2500 451 2543 fratlibus
468 2499 522 2542 ad
543 2499 763 2540 dominum
802 2498 963 2553 Regem
1002 2513 1078 2553 pro
1109 2498 1294 2553 eligendi
1313 2499 1483 2541 licentia
1514 2501 1592 2542 ob-

66 2560 255 2603 tinenda.
319 2558 514 2608 Interim,
537 2557 906 2613 appropinquante
950 2556 1033 2606 die,
1068 2571 1153 2610 quo
1187 2556 1324 2598 fuerat
1359 2558 1589 2600 tradendus

66 2616 360 2663 ecclesiasticae
411 2615 650 2671 sepulturae,
688 2622 956 2657 accesserunt
986 2624 1235 2656 executores
1279 2614 1382 2657 dicti
1428 2616 1589 2659 domini

302 2753 318 2770 ’Β
343 2748 648 2789 APPEND1x,'No.
674 2758 880 2788 CLXXXVIII,
904 2759 1021 2783 CXCVI.
1052 2757 1201 2786 cxcvnl.
1226 2758 1350 2782 LXCIX=
