<?xml version="1.0" encoding="UTF-8"?>
<!DOCTYPE html PUBLIC "-//W3C//DTD XHTML 1.0 Transitional//EN"
    "http://www.w3.org/TR/xhtml1/DTD/xhtml1-transitional.dtd">
<html xmlns="http://www.w3.org/1999/xhtml" xml:lang="en" lang="en">
 <head>
  <title>
</title>
<meta http-equiv="Content-Type" content="text/html;charset=utf-8" />
  <meta name='ocr-system' content='tesseract 3.04.00' />
  <meta name='ocr-capabilities' content='ocr_page ocr_carea ocr_par ocr_line ocrx_word'/>
</head>
<body>
  <div class='ocr_page' id='page_1' title='image "./historiaedunelme00gauf_0377.png"; bbox 0 0 1807 2962; ppageno 0'>
   <div class='ocr_carea' id='block_1_1' title="bbox 501 100 1629 148">
    <p class='ocr_par' dir='ltr' id='par_1_1' title="bbox 501 100 1629 148">
     <span class='ocr_line' id='line_1_1' title="bbox 501 100 1629 148; baseline 0.007 -8"><span class='ocrx_word' id='word_1_1' title='bbox 501 106 771 141; x_wconf 78' lang='lat' dir='ltr'>APPENDIX.</span> <span class='ocrx_word' id='word_1_2' title='bbox 810 108 930 140; x_wconf 81' lang='lat' dir='ltr'>ANN.</span> <span class='ocrx_word' id='word_1_3' title='bbox 960 100 1209 142; x_wconf 66' lang='lat' dir='ltr'>mcccxcn</span> <span class='ocrx_word' id='word_1_4' title='bbox 1495 101 1629 148; x_wconf 78' lang='lat' dir='ltr'>clxvii</span> 
     </span>
    </p>
   </div>
   <div class='ocr_carea' id='block_1_2' title="bbox 69 215 1630 2828">
    <p class='ocr_par' dir='ltr' id='par_1_2' title="bbox 69 215 1630 2828">
     <span class='ocr_line' id='line_1_2' title="bbox 95 215 1630 271; baseline 0.003 -11"><span class='ocrx_word' id='word_1_5' title='bbox 95 216 347 260; x_wconf 80' lang='lat' dir='ltr'>sanctissimi</span> <span class='ocrx_word' id='word_1_6' title='bbox 385 216 426 257; x_wconf 90' lang='lat' dir='ltr'>in</span> <span class='ocrx_word' id='word_1_7' title='bbox 467 215 641 258; x_wconf 87' lang='lat' dir='ltr'>Christo</span> <span class='ocrx_word' id='word_1_8' title='bbox 674 215 803 271; x_wconf 87' lang='lat' dir='ltr'>patris</span> <span class='ocrx_word' id='word_1_9' title='bbox 825 225 868 257; x_wconf 90' lang='lat' dir='ltr'>et</span> <span class='ocrx_word' id='word_1_10' title='bbox 889 215 1050 257; x_wconf 88' lang='lat' dir='ltr'>domini</span> <span class='ocrx_word' id='word_1_11' title='bbox 1081 217 1214 259; x_wconf 77' lang='lat' dir='ltr'>nostri</span> <span class='ocrx_word' id='word_1_12' title='bbox 1238 218 1404 260; x_wconf 87' lang='lat' dir='ltr'>domini</span> <span class='ocrx_word' id='word_1_13' title='bbox 1420 220 1630 264; x_wconf 76' lang='lat' dir='ltr'>Bonisaeii</span> 
     </span>
     <span class='ocr_line' id='line_1_3' title="bbox 93 274 1629 333; baseline 0.002 -15"><span class='ocrx_word' id='word_1_14' title='bbox 93 277 238 318; x_wconf 86' lang='lat' dir='ltr'>divina</span> <span class='ocrx_word' id='word_1_15' title='bbox 259 274 531 331; x_wconf 76' lang='lat' dir='ltr'>providencia</span> <span class='ocrx_word' id='word_1_16' title='bbox 550 275 681 330; x_wconf 83' lang='lat' dir='ltr'>Papae</span> <span class='ocrx_word' id='word_1_17' title='bbox 695 276 796 316; x_wconf 85' lang='lat' dir='ltr'>noni</span> <span class='ocrx_word' id='word_1_18' title='bbox 818 289 929 316; x_wconf 84' lang='lat' dir='ltr'>anno</span> <span class='ocrx_word' id='word_1_19' title='bbox 953 276 1158 325; x_wconf 88' lang='lat' dir='ltr'>secundo,</span> <span class='ocrx_word' id='word_1_20' title='bbox 1183 278 1339 318; x_wconf 86' lang='lat' dir='ltr'>mensis</span> <span class='ocrx_word' id='word_1_21' title='bbox 1368 278 1629 333; x_wconf 79' lang='lat' dir='ltr'>Septembris</span> 
     </span>
     <span class='ocr_line' id='line_1_4' title="bbox 95 332 1629 389; baseline 0.002 -13"><span class='ocrx_word' id='word_1_22' title='bbox 95 335 164 376; x_wconf 89' lang='lat' dir='ltr'>die</span> <span class='ocrx_word' id='word_1_23' title='bbox 187 349 289 384; x_wconf 82' lang='lat' dir='ltr'>xm,</span> <span class='ocrx_word' id='word_1_24' title='bbox 314 333 356 373; x_wconf 90' lang='lat' dir='ltr'>in</span> <span class='ocrx_word' id='word_1_25' title='bbox 377 333 523 374; x_wconf 91' lang='lat' dir='ltr'>Domo</span> <span class='ocrx_word' id='word_1_26' title='bbox 547 332 783 387; x_wconf 89' lang='lat' dir='ltr'>Capitulari</span> <span class='ocrx_word' id='word_1_27' title='bbox 806 332 1289 376; x_wconf 84' lang='lat' dir='ltr'>EcclesiaeCathedralis</span> <span class='ocrx_word' id='word_1_28' title='bbox 1313 336 1629 389; x_wconf 87' lang='lat' dir='ltr'>Dunelmensis,</span> 
     </span>
     <span class='ocr_line' id='line_1_5' title="bbox 96 389 1629 450; baseline 0.003 -17"><span class='ocrx_word' id='word_1_29' title='bbox 96 393 140 433; x_wconf 89' lang='lat' dir='ltr'>in</span> <span class='ocrx_word' id='word_1_30' title='bbox 175 392 258 433; x_wconf 89' lang='lat' dir='ltr'>mei</span> <span class='ocrx_word' id='word_1_31' title='bbox 290 391 443 433; x_wconf 88' lang='lat' dir='ltr'>notarii</span> <span class='ocrx_word' id='word_1_32' title='bbox 467 389 635 446; x_wconf 84' lang='lat' dir='ltr'>publici,</span> <span class='ocrx_word' id='word_1_33' title='bbox 660 399 702 432; x_wconf 90' lang='lat' dir='ltr'>et</span> <span class='ocrx_word' id='word_1_34' title='bbox 724 391 895 432; x_wconf 88' lang='lat' dir='ltr'>testium</span> <span class='ocrx_word' id='word_1_35' title='bbox 919 391 1252 446; x_wconf 79' lang='lat' dir='ltr'>subscriptorum</span> <span class='ocrx_word' id='word_1_36' title='bbox 1275 396 1512 449; x_wconf 79' lang='lat' dir='ltr'>praesencia</span> <span class='ocrx_word' id='word_1_37' title='bbox 1532 411 1629 450; x_wconf 85' lang='lat' dir='ltr'>per-</span> 
     </span>
     <span class='ocr_line' id='line_1_6' title="bbox 93 448 1627 503; baseline 0.003 -12"><span class='ocrx_word' id='word_1_38' title='bbox 93 451 294 491; x_wconf 84' lang='lat' dir='ltr'>sonaliter</span> <span class='ocrx_word' id='word_1_39' title='bbox 329 448 550 490; x_wconf 88' lang='lat' dir='ltr'>constituti</span> <span class='ocrx_word' id='word_1_40' title='bbox 578 448 767 503; x_wconf 75' lang='lat' dir='ltr'>religiosi</span> <span class='ocrx_word' id='word_1_41' title='bbox 801 448 879 490; x_wconf 88' lang='lat' dir='ltr'>viri</span> <span class='ocrx_word' id='word_1_42' title='bbox 911 449 1134 491; x_wconf 69' lang='lat' dir='ltr'>Uthredus</span> <span class='ocrx_word' id='word_1_43' title='bbox 1153 451 1210 492; x_wconf 88' lang='lat' dir='ltr'>de</span> <span class='ocrx_word' id='word_1_44' title='bbox 1236 452 1396 494; x_wconf 89' lang='lat' dir='ltr'>Bolton</span> <span class='ocrx_word' id='word_1_45' title='bbox 1420 453 1459 496; x_wconf 89' lang='lat' dir='ltr'>J.</span> <span class='ocrx_word' id='word_1_46' title='bbox 1485 454 1539 495; x_wconf 88' lang='lat' dir='ltr'>de</span> <span class='ocrx_word' id='word_1_47' title='bbox 1564 455 1627 496; x_wconf 85' lang='lat' dir='ltr'>H.</span> 
     </span>
     <span class='ocr_line' id='line_1_7' title="bbox 94 506 1627 561; baseline 0.002 -12"><span class='ocrx_word' id='word_1_48' title='bbox 94 518 138 550; x_wconf 85' lang='lat' dir='ltr'>et</span> <span class='ocrx_word' id='word_1_49' title='bbox 164 509 216 552; x_wconf 82' lang='lat' dir='ltr'>R.</span> <span class='ocrx_word' id='word_1_50' title='bbox 237 508 290 549; x_wconf 90' lang='lat' dir='ltr'>de</span> <span class='ocrx_word' id='word_1_51' title='bbox 315 508 365 549; x_wconf 88' lang='lat' dir='ltr'>L.</span> <span class='ocrx_word' id='word_1_52' title='bbox 385 506 578 548; x_wconf 86' lang='lat' dir='ltr'>monachi</span> <span class='ocrx_word' id='word_1_53' title='bbox 601 506 776 561; x_wconf 84' lang='lat' dir='ltr'>professi</span> <span class='ocrx_word' id='word_1_54' title='bbox 794 515 836 548; x_wconf 90' lang='lat' dir='ltr'>et</span> <span class='ocrx_word' id='word_1_55' title='bbox 857 508 1102 549; x_wconf 84' lang='lat' dir='ltr'>sacerdotes</span> <span class='ocrx_word' id='word_1_56' title='bbox 1131 508 1332 550; x_wconf 78' lang='lat' dir='ltr'>Ecclesiae</span> <span class='ocrx_word' id='word_1_57' title='bbox 1358 511 1627 553; x_wconf 88' lang='lat' dir='ltr'>Cathedralis</span> 
     </span>
     <span class='ocr_line' id='line_1_8' title="bbox 95 564 1629 624; baseline 0.003 -17"><span class='ocrx_word' id='word_1_58' title='bbox 95 565 324 608; x_wconf 78' lang='lat' dir='ltr'>antedictae</span> <span class='ocrx_word' id='word_1_59' title='bbox 357 565 398 607; x_wconf 87' lang='lat' dir='ltr'>in</span> <span class='ocrx_word' id='word_1_60' title='bbox 428 566 547 606; x_wconf 89' lang='lat' dir='ltr'>dicta</span> <span class='ocrx_word' id='word_1_61' title='bbox 570 565 714 605; x_wconf 93' lang='lat' dir='ltr'>Domo</span> <span class='ocrx_word' id='word_1_62' title='bbox 739 564 975 619; x_wconf 84' lang='lat' dir='ltr'>Capitulari</span> <span class='ocrx_word' id='word_1_63' title='bbox 1007 576 1250 621; x_wconf 79' lang='lat' dir='ltr'>praesentes,</span> <span class='ocrx_word' id='word_1_64' title='bbox 1267 569 1629 624; x_wconf 80' lang='lat' dir='ltr'>compromissarii</span> 
     </span>
     <span class='ocr_line' id='line_1_9' title="bbox 93 623 1627 679; baseline 0.003 -13"><span class='ocrx_word' id='word_1_65' title='bbox 93 625 148 666; x_wconf 87' lang='lat' dir='ltr'>ad</span> <span class='ocrx_word' id='word_1_66' title='bbox 171 624 439 666; x_wconf 85' lang='lat' dir='ltr'>tractandum</span> <span class='ocrx_word' id='word_1_67' title='bbox 461 623 515 664; x_wconf 88' lang='lat' dir='ltr'>de</span> <span class='ocrx_word' id='word_1_68' title='bbox 538 637 717 678; x_wconf 87' lang='lat' dir='ltr'>persona</span> <span class='ocrx_word' id='word_1_69' title='bbox 737 623 909 679; x_wconf 84' lang='lat' dir='ltr'>ydonea</span> <span class='ocrx_word' id='word_1_70' title='bbox 940 623 981 664; x_wconf 91' lang='lat' dir='ltr'>in</span> <span class='ocrx_word' id='word_1_71' title='bbox 1020 624 1211 666; x_wconf 82' lang='lat' dir='ltr'>Priorem</span> <span class='ocrx_word' id='word_1_72' title='bbox 1238 626 1627 670; x_wconf 62' lang='lat' dir='ltr'>Ecclesiae-‘Cathe-</span> 
     </span>
     <span class='ocr_line' id='line_1_10' title="bbox 91 680 1626 735; baseline 0.003 -12"><span class='ocrx_word' id='word_1_73' title='bbox 91 682 219 724; x_wconf 89' lang='lat' dir='ltr'>dralis</span> <span class='ocrx_word' id='word_1_74' title='bbox 255 681 484 724; x_wconf 79' lang='lat' dir='ltr'>antedictae</span> <span class='ocrx_word' id='word_1_75' title='bbox 517 680 730 735; x_wconf 82' lang='lat' dir='ltr'>eligenda,</span> <span class='ocrx_word' id='word_1_76' title='bbox 754 689 796 722; x_wconf 90' lang='lat' dir='ltr'>et</span> <span class='ocrx_word' id='word_1_77' title='bbox 826 683 1186 735; x_wconf 87' lang='lat' dir='ltr'>consenciendum</span> <span class='ocrx_word' id='word_1_78' title='bbox 1209 683 1251 724; x_wconf 92' lang='lat' dir='ltr'>in</span> <span class='ocrx_word' id='word_1_79' title='bbox 1275 685 1470 735; x_wconf 83' lang='lat' dir='ltr'>eandem,</span> <span class='ocrx_word' id='word_1_80' title='bbox 1494 687 1626 727; x_wconf 80' lang='lat' dir='ltr'>vices-=</span> 
     </span>
     <span class='ocr_line' id='line_1_11' title="bbox 90 739 1623 799; baseline 0.003 -17"><span class='ocrx_word' id='word_1_81' title='bbox 90 756 173 797; x_wconf 87' lang='lat' dir='ltr'>que</span> <span class='ocrx_word' id='word_1_82' title='bbox 201 756 295 782; x_wconf 85' lang='lat' dir='ltr'>suas</span> <span class='ocrx_word' id='word_1_83' title='bbox 330 741 402 781; x_wconf 88' lang='lat' dir='ltr'>uni</span> <span class='ocrx_word' id='word_1_84' title='bbox 437 740 491 781; x_wconf 88' lang='lat' dir='ltr'>de</span> <span class='ocrx_word' id='word_1_85' title='bbox 525 739 685 780; x_wconf 86' lang='lat' dir='ltr'>eisdem</span> <span class='ocrx_word' id='word_1_86' title='bbox 720 749 815 794; x_wconf 92' lang='lat' dir='ltr'>post</span> <span class='ocrx_word' id='word_1_87' title='bbox 833 755 1084 781; x_wconf 80' lang='lat' dir='ltr'>consensum</span> <span class='ocrx_word' id='word_1_88' title='bbox 1108 742 1342 784; x_wconf 83' lang='lat' dir='ltr'>eorundem</span> <span class='ocrx_word' id='word_1_89' title='bbox 1365 745 1431 785; x_wconf 91' lang='lat' dir='ltr'>vel</span> <span class='ocrx_word' id='word_1_90' title='bbox 1454 745 1623 799; x_wconf 85' lang='lat' dir='ltr'>majoris</span> 
     </span>
     <span class='ocr_line' id='line_1_12' title="bbox 90 797 1626 858; baseline 0.003 -19"><span class='ocrx_word' id='word_1_91' title='bbox 90 799 222 854; x_wconf 86' lang='lat' dir='ltr'>partis</span> <span class='ocrx_word' id='word_1_92' title='bbox 244 800 428 854; x_wconf 89' lang='lat' dir='ltr'>ipsorum</span> <span class='ocrx_word' id='word_1_93' title='bbox 451 797 913 852; x_wconf 73' lang='lat' dir='ltr'>compromissariorum</span> <span class='ocrx_word' id='word_1_94' title='bbox 934 799 989 839; x_wconf 89' lang='lat' dir='ltr'>ad</span> <span class='ocrx_word' id='word_1_95' title='bbox 1008 799 1244 856; x_wconf 73' lang='lat' dir='ltr'>eligendam</span> <span class='ocrx_word' id='word_1_96' title='bbox 1268 801 1508 857; x_wconf 75' lang='lat' dir='ltr'>hujusmodi</span> <span class='ocrx_word' id='word_1_97' title='bbox 1533 818 1626 858; x_wconf 86' lang='lat' dir='ltr'>per-</span> 
     </span>
     <span class='ocr_line' id='line_1_13' title="bbox 88 855 1622 913; baseline 0.004 -17"><span class='ocrx_word' id='word_1_98' title='bbox 88 872 238 898; x_wconf 82' lang='lat' dir='ltr'>sonam</span> <span class='ocrx_word' id='word_1_99' title='bbox 275 857 317 897; x_wconf 89' lang='lat' dir='ltr'>in</span> <span class='ocrx_word' id='word_1_100' title='bbox 354 857 543 897; x_wconf 85' lang='lat' dir='ltr'>Priorem</span> <span class='ocrx_word' id='word_1_101' title='bbox 580 855 706 898; x_wconf 86' lang='lat' dir='ltr'>dictae</span> <span class='ocrx_word' id='word_1_102' title='bbox 745 856 950 897; x_wconf 72' lang='lat' dir='ltr'>Ecclesiae</span> <span class='ocrx_word' id='word_1_103' title='bbox 980 866 1023 898; x_wconf 87' lang='lat' dir='ltr'>et</span> <span class='ocrx_word' id='word_1_104' title='bbox 1056 858 1371 913; x_wconf 87' lang='lat' dir='ltr'>providendum</span> <span class='ocrx_word' id='word_1_105' title='bbox 1396 860 1533 901; x_wconf 88' lang='lat' dir='ltr'>eidem</span> <span class='ocrx_word' id='word_1_106' title='bbox 1568 862 1622 903; x_wconf 87' lang='lat' dir='ltr'>(le</span> 
     </span>
     <span class='ocr_line' id='line_1_14' title="bbox 87 914 1624 973; baseline 0.003 -17"><span class='ocrx_word' id='word_1_107' title='bbox 87 914 244 956; x_wconf 83' lang='lat' dir='ltr'>eodem</span> <span class='ocrx_word' id='word_1_108' title='bbox 267 915 452 970; x_wconf 84' lang='lat' dir='ltr'>ipsorum</span> <span class='ocrx_word' id='word_1_109' title='bbox 485 914 574 955; x_wconf 88' lang='lat' dir='ltr'>vice</span> <span class='ocrx_word' id='word_1_110' title='bbox 603 923 645 956; x_wconf 88' lang='lat' dir='ltr'>et</span> <span class='ocrx_word' id='word_1_111' title='bbox 676 914 878 956; x_wconf 62' lang='lat' dir='ltr'>mandat—o</span> <span class='ocrx_word' id='word_1_112' title='bbox 900 916 1253 957; x_wconf 87' lang='lat' dir='ltr'>committendum</span> <span class='ocrx_word' id='word_1_113' title='bbox 1276 933 1353 972; x_wconf 88' lang='lat' dir='ltr'>per</span> <span class='ocrx_word' id='word_1_114' title='bbox 1378 919 1624 973; x_wconf 72' lang='lat' dir='ltr'>Capitulum</span> 
     </span>
     <span class='ocr_line' id='line_1_15' title="bbox 87 973 1624 1027; baseline 0.004 -13"><span class='ocrx_word' id='word_1_115' title='bbox 87 982 134 1014; x_wconf 86' lang='lat' dir='ltr'>et</span> <span class='ocrx_word' id='word_1_116' title='bbox 159 973 444 1022; x_wconf 84' lang='lat' dir='ltr'>Conventum,</span> <span class='ocrx_word' id='word_1_117' title='bbox 480 987 529 1013; x_wconf 83' lang='lat' dir='ltr'>ac</span> <span class='ocrx_word' id='word_1_118' title='bbox 569 973 899 1014; x_wconf 71' lang='lat' dir='ltr'>commonachos</span> <span class='ocrx_word' id='word_1_119' title='bbox 934 989 1032 1014; x_wconf 84' lang='lat' dir='ltr'>suos</span> <span class='ocrx_word' id='word_1_120' title='bbox 1055 974 1254 1016; x_wconf 30' lang='lat' dir='ltr'>recclesiae</span> <span class='ocrx_word' id='word_1_121' title='bbox 1291 977 1532 1027; x_wconf 71' lang='lat' dir='ltr'>antedictae,</span> <span class='ocrx_word' id='word_1_122' title='bbox 1567 994 1624 1020; x_wconf 82' lang='lat' dir='ltr'>ex</span> 
     </span>
     <span class='ocr_line' id='line_1_16' title="bbox 84 1029 1622 1087; baseline 0.004 -16"><span class='ocrx_word' id='word_1_123' title='bbox 84 1045 300 1072; x_wconf 74' lang='lat' dir='ltr'>consensu</span> <span class='ocrx_word' id='word_1_124' title='bbox 332 1031 520 1072; x_wconf 84' lang='lat' dir='ltr'>omnium</span> <span class='ocrx_word' id='word_1_125' title='bbox 555 1039 597 1071; x_wconf 92' lang='lat' dir='ltr'>et</span> <span class='ocrx_word' id='word_1_126' title='bbox 627 1029 887 1084; x_wconf 84' lang='lat' dir='ltr'>singulorum</span> <span class='ocrx_word' id='word_1_127' title='bbox 911 1047 1036 1072; x_wconf 88' lang='lat' dir='ltr'>voces</span> <span class='ocrx_word' id='word_1_128' title='bbox 1066 1032 1108 1072; x_wconf 79' lang='lat' dir='ltr'>in</span> <span class='ocrx_word' id='word_1_129' title='bbox 1143 1032 1622 1087; x_wconf 70' lang='lat' dir='ltr'>hujusmodielec-cione.</span> 
     </span>
     <span class='ocr_line' id='line_1_17' title="bbox 91 1088 1621 1147; baseline 0.004 -18"><span class='ocrx_word' id='word_1_130' title='bbox 91 1089 360 1139; x_wconf 86' lang='lat' dir='ltr'>habencium,</span> <span class='ocrx_word' id='word_1_131' title='bbox 396 1089 467 1145; x_wconf 83' lang='lat' dir='ltr'>qui</span> <span class='ocrx_word' id='word_1_132' title='bbox 501 1089 740 1138; x_wconf 83' lang='lat' dir='ltr'>voluerunt,</span> <span class='ocrx_word' id='word_1_133' title='bbox 765 1088 1019 1138; x_wconf 85' lang='lat' dir='ltr'>debuerunt,</span> <span class='ocrx_word' id='word_1_134' title='bbox 1044 1099 1086 1131; x_wconf 89' lang='lat' dir='ltr'>et</span> <span class='ocrx_word' id='word_1_135' title='bbox 1114 1101 1348 1145; x_wconf 89' lang='lat' dir='ltr'>potuerunt</span> <span class='ocrx_word' id='word_1_136' title='bbox 1366 1092 1621 1147; x_wconf 78' lang='lat' dir='ltr'>&#39;hujusmodi</span> 
     </span>
     <span class='ocr_line' id='line_1_18' title="bbox 91 1147 1619 1206; baseline 0.003 -18"><span class='ocrx_word' id='word_1_137' title='bbox 91 1147 294 1188; x_wconf 79' lang='lat' dir='ltr'>eleccioni</span> <span class='ocrx_word' id='word_1_138' title='bbox 312 1147 535 1188; x_wconf 89' lang='lat' dir='ltr'>commode</span> <span class='ocrx_word' id='word_1_139' title='bbox 554 1147 858 1196; x_wconf 86' lang='lat' dir='ltr'>interesse,sub</span> <span class='ocrx_word' id='word_1_140' title='bbox 876 1157 992 1188; x_wconf 89' lang='lat' dir='ltr'>certa</span> <span class='ocrx_word' id='word_1_141' title='bbox 1004 1147 1141 1189; x_wconf 81' lang='lat' dir='ltr'>forma</span> <span class='ocrx_word' id='word_1_142' title='bbox 1162 1150 1399 1203; x_wconf 77' lang='lat' dir='ltr'>specialiter</span> <span class='ocrx_word' id='word_1_143' title='bbox 1413 1153 1619 1206; x_wconf 78' lang='lat' dir='ltr'>deputati,</span> 
     </span>
     <span class='ocr_line' id='line_1_19' title="bbox 90 1204 1617 1264; baseline 0.005 -19"><span class='ocrx_word' id='word_1_144' title='bbox 90 1215 218 1260; x_wconf 82' lang='lat' dir='ltr'>prout</span> <span class='ocrx_word' id='word_1_145' title='bbox 255 1205 295 1245; x_wconf 92' lang='lat' dir='ltr'>in</span> <span class='ocrx_word' id='word_1_146' title='bbox 330 1206 581 1261; x_wconf 84' lang='lat' dir='ltr'>quibusdam</span> <span class='ocrx_word' id='word_1_147' title='bbox 620 1204 748 1245; x_wconf 89' lang='lat' dir='ltr'>literis</span> <span class='ocrx_word' id='word_1_148' title='bbox 781 1219 854 1259; x_wconf 91' lang='lat' dir='ltr'>per</span> <span class='ocrx_word' id='word_1_149' title='bbox 876 1204 1035 1246; x_wconf 88' lang='lat' dir='ltr'>dictum</span> <span class='ocrx_word' id='word_1_150' title='bbox 1063 1207 1308 1261; x_wconf 87' lang='lat' dir='ltr'>Capitulum</span> <span class='ocrx_word' id='word_1_151' title='bbox 1334 1208 1372 1248; x_wconf 91' lang='lat' dir='ltr'>in</span> <span class='ocrx_word' id='word_1_152' title='bbox 1397 1209 1473 1249; x_wconf 80' lang='lat' dir='ltr'>hac</span> <span class='ocrx_word' id='word_1_153' title='bbox 1496 1221 1617 1264; x_wconf 83' lang='lat' dir='ltr'>parte</span> 
     </span>
     <span class='ocr_line' id='line_1_20' title="bbox 90 1262 1619 1325; baseline 0.003 -22"><span class='ocrx_word' id='word_1_154' title='bbox 90 1263 224 1313; x_wconf 83' lang='lat' dir='ltr'>factis,</span> <span class='ocrx_word' id='word_1_155' title='bbox 263 1263 400 1318; x_wconf 87' lang='lat' dir='ltr'>sigillo</span> <span class='ocrx_word' id='word_1_156' title='bbox 433 1263 650 1304; x_wconf 89' lang='lat' dir='ltr'>communi</span> <span class='ocrx_word' id='word_1_157' title='bbox 691 1262 893 1303; x_wconf 80' lang='lat' dir='ltr'>Ecclesiae</span> <span class='ocrx_word' id='word_1_158' title='bbox 930 1264 1157 1305; x_wconf 81' lang='lat' dir='ltr'>antedictae</span> <span class='ocrx_word' id='word_1_159' title='bbox 1192 1265 1395 1319; x_wconf 83' lang='lat' dir='ltr'>sigillatis,</span> <span class='ocrx_word' id='word_1_160' title='bbox 1430 1270 1619 1325; x_wconf 82' lang='lat' dir='ltr'>meisque</span> 
     </span>
     <span class='ocr_line' id='line_1_21' title="bbox 89 1319 1621 1378; baseline 0.005 -18"><span class='ocrx_word' id='word_1_161' title='bbox 89 1321 209 1375; x_wconf 83' lang='lat' dir='ltr'>signo</span> <span class='ocrx_word' id='word_1_162' title='bbox 231 1330 275 1363; x_wconf 89' lang='lat' dir='ltr'>et</span> <span class='ocrx_word' id='word_1_163' title='bbox 295 1321 609 1375; x_wconf 81' lang='lat' dir='ltr'>subscripcione</span> <span class='ocrx_word' id='word_1_164' title='bbox 631 1319 822 1377; x_wconf 81' lang='lat' dir='ltr'>signatis,</span> <span class='ocrx_word' id='word_1_165' title='bbox 848 1322 1012 1375; x_wconf 80' lang='lat' dir='ltr'>plenius</span> <span class='ocrx_word' id='word_1_166' title='bbox 1035 1322 1287 1373; x_wconf 77' lang='lat' dir='ltr'>cont-inetur,</span> <span class='ocrx_word' id='word_1_167' title='bbox 1313 1326 1496 1378; x_wconf 81' lang='lat' dir='ltr'>ipsarum</span> <span class='ocrx_word' id='word_1_168' title='bbox 1521 1342 1621 1368; x_wconf 86' lang='lat' dir='ltr'>auc-</span> 
     </span>
     <span class='ocr_line' id='line_1_22' title="bbox 90 1378 1620 1439; baseline 0.003 -19"><span class='ocrx_word' id='word_1_169' title='bbox 90 1379 276 1430; x_wconf 88' lang='lat' dir='ltr'>toritate,</span> <span class='ocrx_word' id='word_1_170' title='bbox 302 1379 341 1420; x_wconf 92' lang='lat' dir='ltr'>in</span> <span class='ocrx_word' id='word_1_171' title='bbox 364 1378 605 1434; x_wconf 76' lang='lat' dir='ltr'>hujusmodi</span> <span class='ocrx_word' id='word_1_172' title='bbox 634 1380 818 1435; x_wconf 76' lang='lat' dir='ltr'>negocio</span> <span class='ocrx_word' id='word_1_173' title='bbox 851 1379 959 1420; x_wconf 87' lang='lat' dir='ltr'>inter</span> <span class='ocrx_word' id='word_1_174' title='bbox 979 1395 1022 1421; x_wconf 90' lang='lat' dir='ltr'>se</span> <span class='ocrx_word' id='word_1_175' title='bbox 1046 1389 1276 1422; x_wconf 72' lang='lat' dir='ltr'>tractantes</span> <span class='ocrx_word' id='word_1_176' title='bbox 1298 1383 1352 1423; x_wconf 81' lang='lat' dir='ltr'>de</span> <span class='ocrx_word' id='word_1_177' title='bbox 1375 1382 1620 1439; x_wconf 77' lang='lat' dir='ltr'>hujusmodi</span> 
     </span>
     <span class='ocr_line' id='line_1_23' title="bbox 91 1436 1618 1495; baseline 0.003 -18"><span class='ocrx_word' id='word_1_178' title='bbox 91 1452 274 1492; x_wconf 87' lang='lat' dir='ltr'>persona</span> <span class='ocrx_word' id='word_1_179' title='bbox 309 1438 506 1494; x_wconf 84' lang='lat' dir='ltr'>eligenda</span> <span class='ocrx_word' id='word_1_180' title='bbox 535 1437 575 1478; x_wconf 92' lang='lat' dir='ltr'>in</span> <span class='ocrx_word' id='word_1_181' title='bbox 614 1436 803 1478; x_wconf 87' lang='lat' dir='ltr'>Priorem</span> <span class='ocrx_word' id='word_1_182' title='bbox 832 1437 1021 1478; x_wconf 82' lang='lat' dir='ltr'>ecclesiae</span> <span class='ocrx_word' id='word_1_183' title='bbox 1043 1439 1285 1489; x_wconf 72' lang='lat' dir='ltr'>antedictae,</span> <span class='ocrx_word' id='word_1_184' title='bbox 1309 1450 1405 1495; x_wconf 87' lang='lat' dir='ltr'>post</span> <span class='ocrx_word' id='word_1_185' title='bbox 1427 1442 1618 1484; x_wconf 85' lang='lat' dir='ltr'>diversos</span> 
     </span>
     <span class='ocr_line' id='line_1_24' title="bbox 90 1495 1619 1551; baseline 0.005 -15"><span class='ocrx_word' id='word_1_186' title='bbox 90 1505 295 1538; x_wconf 82' lang='lat' dir='ltr'>tractatus</span> <span class='ocrx_word' id='word_1_187' title='bbox 333 1497 385 1537; x_wconf 85' lang='lat' dir='ltr'>de</span> <span class='ocrx_word' id='word_1_188' title='bbox 422 1505 466 1538; x_wconf 88' lang='lat' dir='ltr'>et</span> <span class='ocrx_word' id='word_1_189' title='bbox 502 1510 627 1551; x_wconf 85' lang='lat' dir='ltr'>super</span> <span class='ocrx_word' id='word_1_190' title='bbox 659 1495 834 1536; x_wconf 83' lang='lat' dir='ltr'>diversis</span> <span class='ocrx_word' id='word_1_191' title='bbox 855 1496 1062 1551; x_wconf 86' lang='lat' dir='ltr'>personis,</span> <span class='ocrx_word' id='word_1_192' title='bbox 1088 1497 1271 1538; x_wconf 85' lang='lat' dir='ltr'>utilitate</span> <span class='ocrx_word' id='word_1_193' title='bbox 1294 1508 1336 1539; x_wconf 86' lang='lat' dir='ltr'>et</span> <span class='ocrx_word' id='word_1_194' title='bbox 1370 1501 1619 1542; x_wconf 83' lang='lat' dir='ltr'>necessitate</span> 
     </span>
     <span class='ocr_line' id='line_1_25' title="bbox 89 1553 1619 1611; baseline 0.004 -17"><span class='ocrx_word' id='word_1_195' title='bbox 89 1554 216 1595; x_wconf 78' lang='lat' dir='ltr'>dictae</span> <span class='ocrx_word' id='word_1_196' title='bbox 254 1554 442 1596; x_wconf 81' lang='lat' dir='ltr'>ecclesiae</span> <span class='ocrx_word' id='word_1_197' title='bbox 478 1553 783 1595; x_wconf 84' lang='lat' dir='ltr'>Dunelmensis</span> <span class='ocrx_word' id='word_1_198' title='bbox 819 1553 1022 1609; x_wconf 71' lang='lat' dir='ltr'>pensatiS,</span> <span class='ocrx_word' id='word_1_199' title='bbox 1066 1569 1115 1596; x_wconf 82' lang='lat' dir='ltr'>ac</span> <span class='ocrx_word' id='word_1_200' title='bbox 1148 1555 1309 1596; x_wconf 88' lang='lat' dir='ltr'>meritis</span> <span class='ocrx_word' id='word_1_201' title='bbox 1342 1571 1619 1611; x_wconf 87' lang='lat' dir='ltr'>personarum</span> 
     </span>
     <span class='ocr_line' id='line_1_26' title="bbox 83 1611 1619 1670; baseline 0.003 -18"><span class='ocrx_word' id='word_1_202' title='bbox 83 1612 330 1666; x_wconf 59' lang='lat' dir='ltr'>‘hujusmodi</span> <span class='ocrx_word' id='word_1_203' title='bbox 352 1613 510 1661; x_wconf 86' lang='lat' dir='ltr'>debite,</span> <span class='ocrx_word' id='word_1_204' title='bbox 528 1622 576 1652; x_wconf 85' lang='lat' dir='ltr'>nt</span> <span class='ocrx_word' id='word_1_205' title='bbox 597 1611 810 1661; x_wconf 86' lang='lat' dir='ltr'>dixerunt,</span> <span class='ocrx_word' id='word_1_206' title='bbox 835 1611 1077 1666; x_wconf 83' lang='lat' dir='ltr'>ponderatis</span> <span class='ocrx_word' id='word_1_207' title='bbox 1100 1628 1174 1667; x_wconf 86' lang='lat' dir='ltr'>per</span> <span class='ocrx_word' id='word_1_208' title='bbox 1196 1614 1383 1664; x_wconf 87' lang='lat' dir='ltr'>eosdem,</span> <span class='ocrx_word' id='word_1_209' title='bbox 1409 1615 1485 1670; x_wconf 87' lang='lat' dir='ltr'>ipsi</span> <span class='ocrx_word' id='word_1_210' title='bbox 1504 1632 1619 1657; x_wconf 88' lang='lat' dir='ltr'>com-</span> 
     </span>
     <span class='ocr_line' id='line_1_27' title="bbox 89 1669 1619 1728; baseline 0.004 -18"><span class='ocrx_word' id='word_1_211' title='bbox 89 1671 361 1724; x_wconf 87' lang='lat' dir='ltr'>promissarii,</span> <span class='ocrx_word' id='word_1_212' title='bbox 396 1671 576 1726; x_wconf 81' lang='lat' dir='ltr'>praefato</span> <span class='ocrx_word' id='word_1_213' title='bbox 613 1669 786 1709; x_wconf 87' lang='lat' dir='ltr'>domino</span> <span class='ocrx_word' id='word_1_214' title='bbox 807 1669 1005 1711; x_wconf 83' lang='lat' dir='ltr'>Johanne</span> <span class='ocrx_word' id='word_1_215' title='bbox 1028 1670 1081 1712; x_wconf 91' lang='lat' dir='ltr'>de</span> <span class='ocrx_word' id='word_1_216' title='bbox 1111 1671 1506 1728; x_wconf 79' lang='lat' dir='ltr'>Hemmyugburgh‚</span> <span class='ocrx_word' id='word_1_217' title='bbox 1534 1691 1619 1716; x_wconf 85' lang='lat' dir='ltr'>uno</span> 
     </span>
     <span class='ocr_line' id='line_1_28' title="bbox 91 1727 1621 1784; baseline 0.003 -15"><span class='ocrx_word' id='word_1_218' title='bbox 91 1728 145 1769; x_wconf 83' lang='lat' dir='ltr'>de</span> <span class='ocrx_word' id='word_1_219' title='bbox 168 1728 325 1769; x_wconf 85' lang='lat' dir='ltr'>eisdem</span> <span class='ocrx_word' id='word_1_220' title='bbox 348 1727 722 1784; x_wconf 75' lang='lat' dir='ltr'>compi-emissariis</span> <span class='ocrx_word' id='word_1_221' title='bbox 753 1727 962 1768; x_wconf 83' lang='lat' dir='ltr'>duntaxat</span> <span class='ocrx_word' id='word_1_222' title='bbox 984 1737 1182 1784; x_wconf 88' lang='lat' dir='ltr'>excepto,</span> <span class='ocrx_word' id='word_1_223' title='bbox 1208 1730 1249 1770; x_wconf 90' lang='lat' dir='ltr'>in</span> <span class='ocrx_word' id='word_1_224' title='bbox 1277 1732 1460 1772; x_wconf 85' lang='lat' dir='ltr'>eundem</span> <span class='ocrx_word' id='word_1_225' title='bbox 1484 1734 1621 1774; x_wconf 86' lang='lat' dir='ltr'>domi-</span> 
     </span>
     <span class='ocr_line' id='line_1_29' title="bbox 87 1786 1618 1846; baseline 0.004 -20"><span class='ocrx_word' id='word_1_226' title='bbox 87 1801 191 1827; x_wconf 91' lang='lat' dir='ltr'>num</span> <span class='ocrx_word' id='word_1_227' title='bbox 212 1787 449 1828; x_wconf 85' lang='lat' dir='ltr'>Johannem</span> <span class='ocrx_word' id='word_1_228' title='bbox 483 1787 536 1827; x_wconf 86' lang='lat' dir='ltr'>de</span> <span class='ocrx_word' id='word_1_229' title='bbox 571 1786 961 1842; x_wconf 60' lang='lat' dir='ltr'>Hemsmyngburgh</span> <span class='ocrx_word' id='word_1_230' title='bbox 986 1786 1074 1827; x_wconf 87' lang='lat' dir='ltr'>vice</span> <span class='ocrx_word' id='word_1_231' title='bbox 1106 1796 1148 1828; x_wconf 90' lang='lat' dir='ltr'>et</span> <span class='ocrx_word' id='word_1_232' title='bbox 1170 1789 1439 1840; x_wconf 80' lang='lat' dir='ltr'>auctoritate,</span> <span class='ocrx_word' id='word_1_233' title='bbox 1464 1791 1618 1846; x_wconf 86' lang='lat' dir='ltr'>quibus</span> 
     </span>
     <span class='ocr_line' id='line_1_30' title="bbox 88 1843 1620 1899; baseline 0.004 -15"><span class='ocrx_word' id='word_1_234' title='bbox 88 1859 228 1899; x_wconf 81' lang='lat' dir='ltr'>supra,</span> <span class='ocrx_word' id='word_1_235' title='bbox 249 1845 289 1884; x_wconf 92' lang='lat' dir='ltr'>in</span> <span class='ocrx_word' id='word_1_236' title='bbox 319 1845 504 1885; x_wconf 85' lang='lat' dir='ltr'>Priorem</span> <span class='ocrx_word' id='word_1_237' title='bbox 528 1844 653 1886; x_wconf 81' lang='lat' dir='ltr'>dietae</span> <span class='ocrx_word' id='word_1_238' title='bbox 679 1844 883 1884; x_wconf 79' lang='lat' dir='ltr'>Ecclesiae</span> <span class='ocrx_word' id='word_1_239' title='bbox 911 1843 1208 1886; x_wconf 87' lang='lat' dir='ltr'>Dunelmensis</span> <span class='ocrx_word' id='word_1_240' title='bbox 1241 1847 1496 1888; x_wconf 81' lang='lat' dir='ltr'>unanimiter</span> <span class='ocrx_word' id='word_1_241' title='bbox 1516 1865 1620 1891; x_wconf 90' lang='lat' dir='ltr'>con-</span> 
     </span>
     <span class='ocr_line' id='line_1_31' title="bbox 75 1901 1615 1964; baseline 0.005 -22"><span class='ocrx_word' id='word_1_242' title='bbox 75 1911 325 1953; x_wconf 81' lang='lat' dir='ltr'>senserunt,</span> <span class='ocrx_word' id='word_1_243' title='bbox 341 1912 384 1944; x_wconf 87' lang='lat' dir='ltr'>et</span> <span class='ocrx_word' id='word_1_244' title='bbox 413 1903 612 1944; x_wconf 77' lang='lat' dir='ltr'>Ecclesiae</span> <span class='ocrx_word' id='word_1_245' title='bbox 634 1901 854 1957; x_wconf 73' lang='lat' dir='ltr'>praedictae</span> <span class='ocrx_word' id='word_1_246' title='bbox 875 1902 1153 1956; x_wconf 89' lang='lat' dir='ltr'>providerunt</span> <span class='ocrx_word' id='word_1_247' title='bbox 1171 1904 1224 1945; x_wconf 85' lang='lat' dir='ltr'>(le</span> <span class='ocrx_word' id='word_1_248' title='bbox 1240 1906 1405 1948; x_wconf 87' lang='lat' dir='ltr'>eodem.</span> <span class='ocrx_word' id='word_1_249' title='bbox 1445 1906 1615 1964; x_wconf 83' lang='lat' dir='ltr'>Ipsique</span> 
     </span>
     <span class='ocr_line' id='line_1_32' title="bbox 89 1959 1617 2016; baseline 0.004 -15"><span class='ocrx_word' id='word_1_250' title='bbox 89 1961 442 2015; x_wconf 82' lang='lat' dir='ltr'>compromissarii</span> <span class='ocrx_word' id='word_1_251' title='bbox 464 1976 609 2002; x_wconf 88' lang='lat' dir='ltr'>omues</span> <span class='ocrx_word' id='word_1_252' title='bbox 642 1968 683 2001; x_wconf 75' lang='lat' dir='ltr'>et</span> <span class='ocrx_word' id='word_1_253' title='bbox 710 1959 881 2014; x_wconf 77' lang='lat' dir='ltr'>singuli,</span> <span class='ocrx_word' id='word_1_254' title='bbox 906 1960 1091 2014; x_wconf 71' lang='lat' dir='ltr'>praelatis</span> <span class='ocrx_word' id='word_1_255' title='bbox 1123 1962 1324 2016; x_wconf 80' lang='lat' dir='ltr'>magistro</span> <span class='ocrx_word' id='word_1_256' title='bbox 1352 1963 1550 2006; x_wconf 84' lang='lat' dir='ltr'>Uthredo</span> <span class='ocrx_word' id='word_1_257' title='bbox 1573 1977 1617 2007; x_wconf 83' lang='lat' dir='ltr'>et</span> 
     </span>
     <span class='ocr_line' id='line_1_33' title="bbox 81 2018 1618 2076; baseline 0.004 -17"><span class='ocrx_word' id='word_1_258' title='bbox 81 2018 262 2060; x_wconf 80' lang='lat' dir='ltr'>-domino</span> <span class='ocrx_word' id='word_1_259' title='bbox 298 2020 492 2061; x_wconf 71' lang='lat' dir='ltr'>,Iohanne</span> <span class='ocrx_word' id='word_1_260' title='bbox 527 2019 580 2060; x_wconf 93' lang='lat' dir='ltr'>de</span> <span class='ocrx_word' id='word_1_261' title='bbox 622 2019 979 2074; x_wconf 59' lang='lat' dir='ltr'>Hem‘myngburg</span> <span class='ocrx_word' id='word_1_262' title='bbox 1000 2019 1212 2061; x_wconf 84' lang='lat' dir='ltr'>duntaxat</span> <span class='ocrx_word' id='word_1_263' title='bbox 1234 2022 1439 2076; x_wconf 80' lang='lat' dir='ltr'>exceptis,</span> <span class='ocrx_word' id='word_1_264' title='bbox 1465 2024 1518 2064; x_wconf 88' lang='lat' dir='ltr'>ad</span> <span class='ocrx_word' id='word_1_265' title='bbox 1542 2024 1618 2064; x_wconf 78' lang='lat' dir='ltr'>eli-</span> 
     </span>
     <span class='ocr_line' id='line_1_34' title="bbox 87 2076 1617 2137; baseline 0.004 -20"><span class='ocrx_word' id='word_1_266' title='bbox 87 2077 275 2130; x_wconf 84' lang='lat' dir='ltr'>·gendum</span> <span class='ocrx_word' id='word_1_267' title='bbox 314 2078 496 2119; x_wconf 87' lang='lat' dir='ltr'>eundem</span> <span class='ocrx_word' id='word_1_268' title='bbox 533 2076 751 2118; x_wconf 84' lang='lat' dir='ltr'>(lominum</span> <span class='ocrx_word' id='word_1_269' title='bbox 787 2077 1028 2118; x_wconf 86' lang='lat' dir='ltr'>Johannem</span> <span class='ocrx_word' id='word_1_270' title='bbox 1062 2077 1116 2118; x_wconf 84' lang='lat' dir='ltr'>de</span> <span class='ocrx_word' id='word_1_271' title='bbox 1157 2078 1546 2137; x_wconf 75' lang='lat' dir='ltr'>Hemmyngburgli</span> <span class='ocrx_word' id='word_1_272' title='bbox 1574 2083 1617 2124; x_wconf 85' lang='lat' dir='ltr'>in</span> 
     </span>
     <span class='ocr_line' id='line_1_35' title="bbox 95 2134 1617 2181; baseline 0.004 -7"><span class='ocrx_word' id='word_1_273' title='bbox 95 2134 285 2176; x_wconf 91' lang='lat' dir='ltr'>Priorem</span> <span class='ocrx_word' id='word_1_274' title='bbox 323 2136 514 2177; x_wconf 81' lang='lat' dir='ltr'>ecclesiae</span> <span class='ocrx_word' id='word_1_275' title='bbox 547 2135 774 2176; x_wconf 78' lang='lat' dir='ltr'>antedictae</span> <span class='ocrx_word' id='word_1_276' title='bbox 809 2134 848 2175; x_wconf 91' lang='lat' dir='ltr'>in</span> <span class='ocrx_word' id='word_1_277' title='bbox 887 2135 1104 2175; x_wconf 88' lang='lat' dir='ltr'>communi</span> <span class='ocrx_word' id='word_1_278' title='bbox 1127 2136 1217 2177; x_wconf 88' lang='lat' dir='ltr'>vice</span> <span class='ocrx_word' id='word_1_279' title='bbox 1249 2152 1325 2178; x_wconf 85' lang='lat' dir='ltr'>sua</span> <span class='ocrx_word' id='word_1_280' title='bbox 1356 2153 1404 2178; x_wconf 82' lang='lat' dir='ltr'>ac</span> <span class='ocrx_word' id='word_1_281' title='bbox 1427 2141 1617 2181; x_wconf 84' lang='lat' dir='ltr'>omnium</span> 
     </span>
     <span class='ocr_line' id='line_1_36' title="bbox 82 2193 1615 2249; baseline 0.004 -17"><span class='ocrx_word' id='word_1_282' title='bbox 82 2193 551 2247; x_wconf 78' lang='lat' dir='ltr'>compromissariorum</span> <span class='ocrx_word' id='word_1_283' title='bbox 599 2193 901 2248; x_wconf 81' lang='lat' dir='ltr'>praedictorum</span> <span class='ocrx_word' id='word_1_284' title='bbox 953 2193 1226 2249; x_wconf 86' lang='lat' dir='ltr'>omniumque</span> <span class='ocrx_word' id='word_1_285' title='bbox 1266 2204 1312 2235; x_wconf 88' lang='lat' dir='ltr'>et</span> <span class='ocrx_word' id='word_1_286' title='bbox 1352 2195 1615 2249; x_wconf 75' lang='lat' dir='ltr'>singulorum</span> 
     </span>
     <span class='ocr_line' id='line_1_37' title="bbox 88 2250 1614 2307; baseline 0.004 -17"><span class='ocrx_word' id='word_1_287' title='bbox 88 2264 214 2291; x_wconf 87' lang='lat' dir='ltr'>voces</span> <span class='ocrx_word' id='word_1_288' title='bbox 245 2250 286 2290; x_wconf 88' lang='lat' dir='ltr'>in</span> <span class='ocrx_word' id='word_1_289' title='bbox 318 2251 558 2307; x_wconf 86' lang='lat' dir='ltr'>hujusmodi</span> <span class='ocrx_word' id='word_1_290' title='bbox 590 2251 806 2291; x_wconf 86' lang='lat' dir='ltr'>eleccione</span> <span class='ocrx_word' id='word_1_291' title='bbox 843 2250 1106 2299; x_wconf 87' lang='lat' dir='ltr'>habencium,</span> <span class='ocrx_word' id='word_1_292' title='bbox 1130 2261 1177 2292; x_wconf 88' lang='lat' dir='ltr'>ut</span> <span class='ocrx_word' id='word_1_293' title='bbox 1215 2251 1448 2306; x_wconf 78' lang='lat' dir='ltr'>praefertur,</span> <span class='ocrx_word' id='word_1_294' title='bbox 1473 2254 1614 2296; x_wconf 84' lang='lat' dir='ltr'>eidem</span> 
     </span>
     <span class='ocr_line' id='line_1_38' title="bbox 87 2308 1616 2362; baseline 0.003 -13"><span class='ocrx_word' id='word_1_295' title='bbox 87 2308 279 2349; x_wconf 81' lang='lat' dir='ltr'>ecclesiae</span> <span class='ocrx_word' id='word_1_296' title='bbox 314 2310 619 2362; x_wconf 89' lang='lat' dir='ltr'>providendum</span> <span class='ocrx_word' id='word_1_297' title='bbox 658 2309 710 2349; x_wconf 88' lang='lat' dir='ltr'>de</span> <span class='ocrx_word' id='word_1_298' title='bbox 747 2308 897 2348; x_wconf 88' lang='lat' dir='ltr'>eodem</span> <span class='ocrx_word' id='word_1_299' title='bbox 937 2323 985 2348; x_wconf 86' lang='lat' dir='ltr'>ac</span> <span class='ocrx_word' id='word_1_300' title='bbox 1019 2308 1258 2362; x_wconf 80' lang='lat' dir='ltr'>hujusmodi</span> <span class='ocrx_word' id='word_1_301' title='bbox 1282 2310 1538 2352; x_wconf 82' lang='lat' dir='ltr'>eleccionem</span> <span class='ocrx_word' id='word_1_302' title='bbox 1572 2323 1616 2353; x_wconf 87' lang='lat' dir='ltr'>et</span> 
     </span>
     <span class='ocr_line' id='line_1_39' title="bbox 86 2365 1616 2421; baseline 0.003 -15"><span class='ocrx_word' id='word_1_303' title='bbox 86 2366 374 2420; x_wconf 84' lang='lat' dir='ltr'>provisionem</span> <span class='ocrx_word' id='word_1_304' title='bbox 393 2382 494 2407; x_wconf 80' lang='lat' dir='ltr'>mox</span> <span class='ocrx_word' id='word_1_305' title='bbox 508 2366 784 2421; x_wconf 85' lang='lat' dir='ltr'>publicandas</span> <span class='ocrx_word' id='word_1_306' title='bbox 801 2365 981 2420; x_wconf 79' lang='lat' dir='ltr'>praefato</span> <span class='ocrx_word' id='word_1_307' title='bbox 1005 2366 1204 2418; x_wconf 83' lang='lat' dir='ltr'>magistro</span> <span class='ocrx_word' id='word_1_308' title='bbox 1226 2367 1423 2408; x_wconf 84' lang='lat' dir='ltr'>Utln·edo</span> <span class='ocrx_word' id='word_1_309' title='bbox 1441 2368 1493 2409; x_wconf 81' lang='lat' dir='ltr'>de</span> <span class='ocrx_word' id='word_1_310' title='bbox 1515 2371 1616 2410; x_wconf 83' lang='lat' dir='ltr'>Bol-</span> 
     </span>
     <span class='ocr_line' id='line_1_40' title="bbox 86 2422 1614 2481; baseline 0.002 -16"><span class='ocrx_word' id='word_1_311' title='bbox 86 2433 161 2465; x_wconf 92' lang='lat' dir='ltr'>ton</span> <span class='ocrx_word' id='word_1_312' title='bbox 196 2424 332 2478; x_wconf 84' lang='lat' dir='ltr'>palam</span> <span class='ocrx_word' id='word_1_313' title='bbox 367 2433 410 2465; x_wconf 90' lang='lat' dir='ltr'>et</span> <span class='ocrx_word' id='word_1_314' title='bbox 447 2424 616 2479; x_wconf 84' lang='lat' dir='ltr'>publice</span> <span class='ocrx_word' id='word_1_315' title='bbox 653 2423 953 2464; x_wconf 84' lang='lat' dir='ltr'>commiserunt</span> <span class='ocrx_word' id='word_1_316' title='bbox 991 2422 1100 2462; x_wconf 87' lang='lat' dir='ltr'>vices</span> <span class='ocrx_word' id='word_1_317' title='bbox 1138 2438 1246 2464; x_wconf 84' lang='lat' dir='ltr'>suas.</span> <span class='ocrx_word' id='word_1_318' title='bbox 1314 2424 1399 2471; x_wconf 84' lang='lat' dir='ltr'>Qui</span> <span class='ocrx_word' id='word_1_319' title='bbox 1441 2427 1614 2481; x_wconf 87' lang='lat' dir='ltr'>quidem</span> 
     </span>
     <span class='ocr_line' id='line_1_41' title="bbox 84 2480 1611 2539; baseline 0.003 -18"><span class='ocrx_word' id='word_1_320' title='bbox 84 2482 285 2539; x_wconf 83' lang='lat' dir='ltr'>magister</span> <span class='ocrx_word' id='word_1_321' title='bbox 307 2482 682 2536; x_wconf 76' lang='lat' dir='ltr'>Utbi·e(lus‚juxta</span> <span class='ocrx_word' id='word_1_322' title='bbox 702 2489 956 2535; x_wconf 83' lang='lat' dir='ltr'>potestatem</span> <span class='ocrx_word' id='word_1_323' title='bbox 978 2480 1054 2519; x_wconf 84' lang='lat' dir='ltr'>sibi</span> <span class='ocrx_word' id='word_1_324' title='bbox 1078 2481 1130 2521; x_wconf 86' lang='lat' dir='ltr'>ab</span> <span class='ocrx_word' id='word_1_325' title='bbox 1152 2482 1307 2521; x_wconf 80' lang='lat' dir='ltr'>eisdem</span> <span class='ocrx_word' id='word_1_326' title='bbox 1329 2482 1372 2522; x_wconf 79' lang='lat' dir='ltr'>in</span> <span class='ocrx_word' id='word_1_327' title='bbox 1395 2482 1472 2524; x_wconf 87' lang='lat' dir='ltr'>hac</span> <span class='ocrx_word' id='word_1_328' title='bbox 1491 2497 1611 2539; x_wconf 79' lang='lat' dir='ltr'>parte.</span> 
     </span>
     <span class='ocr_line' id='line_1_42' title="bbox 83 2537 1610 2594; baseline 0.003 -14"><span class='ocrx_word' id='word_1_329' title='bbox 83 2539 239 2581; x_wconf 87' lang='lat' dir='ltr'>factam</span> <span class='ocrx_word' id='word_1_330' title='bbox 275 2550 318 2581; x_wconf 88' lang='lat' dir='ltr'>et</span> <span class='ocrx_word' id='word_1_331' title='bbox 351 2556 603 2587; x_wconf 82' lang='lat' dir='ltr'>concessam,</span> <span class='ocrx_word' id='word_1_332' title='bbox 627 2538 849 2594; x_wconf 78' lang='lat' dir='ltr'>praefatum</span> <span class='ocrx_word' id='word_1_333' title='bbox 884 2537 1102 2578; x_wconf 87' lang='lat' dir='ltr'>dominum</span> <span class='ocrx_word' id='word_1_334' title='bbox 1131 2539 1371 2580; x_wconf 71' lang='lat' dir='ltr'>,Iohannem</span> <span class='ocrx_word' id='word_1_335' title='bbox 1394 2542 1446 2582; x_wconf 87' lang='lat' dir='ltr'>de</span> <span class='ocrx_word' id='word_1_336' title='bbox 1476 2543 1610 2584; x_wconf 75' lang='lat' dir='ltr'>Hem-</span> 
     </span>
     <span class='ocr_line' id='line_1_43' title="bbox 85 2596 1612 2654; baseline 0.002 -15"><span class='ocrx_word' id='word_1_337' title='bbox 85 2598 355 2653; x_wconf 85' lang='lat' dir='ltr'>myngburgb</span> <span class='ocrx_word' id='word_1_338' title='bbox 378 2599 420 2639; x_wconf 90' lang='lat' dir='ltr'>in</span> <span class='ocrx_word' id='word_1_339' title='bbox 449 2599 636 2639; x_wconf 89' lang='lat' dir='ltr'>Priorem</span> <span class='ocrx_word' id='word_1_340' title='bbox 662 2596 862 2637; x_wconf 78' lang='lat' dir='ltr'>Ecclesiae</span> <span class='ocrx_word' id='word_1_341' title='bbox 887 2596 1156 2637; x_wconf 81' lang='lat' dir='ltr'>Cathedralis</span> <span class='ocrx_word' id='word_1_342' title='bbox 1182 2598 1479 2639; x_wconf 77' lang='lat' dir='ltr'>Dunelmensis</span> <span class='ocrx_word' id='word_1_343' title='bbox 1502 2615 1612 2654; x_wconf 67' lang='lat' dir='ltr'>prae-</span> 
     </span>
     <span class='ocr_line' id='line_1_44' title="bbox 85 2655 1611 2711; baseline 0.003 -15"><span class='ocrx_word' id='word_1_344' title='bbox 85 2655 210 2697; x_wconf 81' lang='lat' dir='ltr'>dietae</span> <span class='ocrx_word' id='word_1_345' title='bbox 232 2671 374 2697; x_wconf 82' lang='lat' dir='ltr'>coram</span> <span class='ocrx_word' id='word_1_346' title='bbox 402 2657 674 2711; x_wconf 88' lang='lat' dir='ltr'>Suppriorem</span> <span class='ocrx_word' id='word_1_347' title='bbox 694 2655 894 2709; x_wconf 85' lang='lat' dir='ltr'>Capitnlo</span> <span class='ocrx_word' id='word_1_348' title='bbox 916 2662 958 2694; x_wconf 85' lang='lat' dir='ltr'>et</span> <span class='ocrx_word' id='word_1_349' title='bbox 979 2655 1292 2695; x_wconf 84' lang='lat' dir='ltr'>commonachis</span> <span class='ocrx_word' id='word_1_350' title='bbox 1315 2671 1363 2697; x_wconf 84' lang='lat' dir='ltr'>ac</span> <span class='ocrx_word' id='word_1_351' title='bbox 1385 2657 1474 2698; x_wconf 82' lang='lat' dir='ltr'>aliis</span> <span class='ocrx_word' id='word_1_352' title='bbox 1496 2674 1611 2700; x_wconf 90' lang='lat' dir='ltr'>com-</span> 
     </span>
     <span class='ocr_line' id='line_1_45' title="bbox 85 2712 1609 2769; baseline 0.003 -16"><span class='ocrx_word' id='word_1_353' title='bbox 85 2714 363 2767; x_wconf 86' lang='lat' dir='ltr'>promissariis</span> <span class='ocrx_word' id='word_1_354' title='bbox 400 2714 484 2755; x_wconf 87' lang='lat' dir='ltr'>suis</span> <span class='ocrx_word' id='word_1_355' title='bbox 521 2713 737 2769; x_wconf 65' lang='lat' dir='ltr'>praedictis</span> <span class='ocrx_word' id='word_1_356' title='bbox 774 2712 1053 2767; x_wconf 84' lang='lat' dir='ltr'>omnibusque</span> <span class='ocrx_word' id='word_1_357' title='bbox 1098 2712 1203 2762; x_wconf 83' lang='lat' dir='ltr'>aliis,</span> <span class='ocrx_word' id='word_1_358' title='bbox 1249 2713 1320 2769; x_wconf 87' lang='lat' dir='ltr'>qui</span> <span class='ocrx_word' id='word_1_359' title='bbox 1355 2715 1609 2766; x_wconf 84' lang='lat' dir='ltr'>debuerunt,</span> 
     </span>
     <span class='ocr_line' id='line_1_46' title="bbox 69 2769 1608 2828; baseline 0.002 -16"><span class='ocrx_word' id='word_1_360' title='bbox 69 2772 320 2822; x_wconf 76' lang='lat' dir='ltr'>-voluerunt‚</span> <span class='ocrx_word' id='word_1_361' title='bbox 344 2781 387 2814; x_wconf 90' lang='lat' dir='ltr'>et</span> <span class='ocrx_word' id='word_1_362' title='bbox 408 2780 638 2828; x_wconf 84' lang='lat' dir='ltr'>potuerunt</span> <span class='ocrx_word' id='word_1_363' title='bbox 655 2769 893 2827; x_wconf 82' lang='lat' dir='ltr'>hujusmodi</span> <span class='ocrx_word' id='word_1_364' title='bbox 916 2769 1117 2811; x_wconf 88' lang='lat' dir='ltr'>eleccioni</span> <span class='ocrx_word' id='word_1_365' title='bbox 1135 2772 1358 2814; x_wconf 86' lang='lat' dir='ltr'>commode</span> <span class='ocrx_word' id='word_1_366' title='bbox 1390 2774 1608 2825; x_wconf 80' lang='lat' dir='ltr'>iuteresse,</span> 
     </span>
    </p>
   </div>
  </div>
 </body>
</html>
