1807 2962
502 54 776 87 APPENDIX.
815 53 937 86 ANN.
966 53 1177 86 Mccxm.
1497 39 1601 87 lxxv

188 354 276 384 LVI.
311 356 466 384 BULLA
497 356 724 384 GREGORII
758 356 807 384 lx
838 355 1206 384 ARCHIEPISCOPO
1232 352 1486 381 CANTUARI-

187 415 291 442 ENSI
325 415 380 442 ET
414 415 632 442 EPISCOPO
676 414 987 442 LINCOLNENSI
1021 415 1078 441 AD
1122 412 1486 440 RESTITUENDUM

188 472 351 500 PRIORI
386 473 441 499 ET
475 472 701 500 CAPITULO
736 472 1038 499 DUNELMENSI
1063 471 1290 498 EXPENSAS
1323 469 1489 497 NECES-

189 531 343 558 SARIAS
377 530 541 558 FACTAS
585 531 721 558 CIRCA
763 530 1063 558 ELECCIONEM
1095 528 1269 557 THOMAE
1301 527 1487 555 PRIORIS

189 589 249 616 DE
297 589 435 616 BONIS
480 589 682 617 EPISCOPI
726 588 971 620 POSTQUAM
1014 587 1186 616 FUERIT
1235 586 1490 615 CONSECRA-

188 646 286 675 TUS.

644 724 755 767 [Cart.
770 725 846 758 111
862 724 887 757 f.
905 726 965 758 161
986 726 1033 769 b.]

137 819 371 878 Greomius
395 820 647 876 EpiscopuS,
666 836 807 863 servus
830 836 1049 863 servmum
1071 820 1171 872 Dei,
1195 821 1509 863 venerabilibus
1527 821 1611 863 fra-

74 877 208 920 tribus
228 856 569 935 Archiepiscopo
590 879 885 921 cantuariensi
907 888 949 920 et
968 880 1184 935 Episcopo
1207 878 1478 921 Lincolnensi
1500 880 1610 920 salu-

73 945 162 978 tem
204 944 247 978 et
285 937 559 992 apostolicam
600 937 960 981 benediccionem
1047 938 1172 988 Cum,
1215 937 1322 980 sicut
1362 937 1503 980 dilecti
1533 937 1609 978 filii

76 994 325 1060 Capitulum
360 995 562 1036 Ecclesiae
594 996 899 1038 Dunelmensis
921 1012 996 1038 sua
1026 996 1146 1037 nobis
1168 996 1381 1051 peticione
1404 1005 1610 1037 monstla-

72 1062 190 1102 runt,
214 1052 293 1108 ipsi
314 1052 357 1093 111
378 1068 428 1109 pl
431 1055 678 1109 osequendo
700 1054 918 1096 electionis
949 1056 1188 1110 negocium,
1213 1070 1339 1111 quam
1362 1055 1415 1097 de
1437 1054 1610 1096 Thoma

76 1110 225 1152 Priore
246 1111 378 1166 ipsius
400 1111 589 1153 eeclesiae
611 1113 947 1163 celebra1·,cru11t
920 1113 1077 1167 gravia,
1102 1121 1149 1154 ut
1170 1120 1377 1163 asserunt,
1401 1111 1609 1154 subielint

73 1183 205 1210 oneia
244 1184 540 1234 expensarum,
583 1170 839 1212 fraternitati
879 1181 1029 1212 vestrae
1069 1186 1147 1226 per
1187 1171 1424 1226 apostolica
1453 1170 1610 1225 scripta

72 1227 339 1277 mandamus,
364 1228 575 1284 quatinuS,
609 1243 816 1283 expensas
847 1230 1120 1279 necessarias,
1153 1244 1256 1285 quas
1284 1229 1410 1270 iidem
1432 1238 1610 1285 propter

72 1284 157 1326 hoc
193 1285 382 1339 legitime
418 1301 462 1327 se
499 1286 646 1328 fecisse
666 1287 958 1352 plobaveiint,
984 1287 1042 1328 eis
1077 1287 1130 1329 de
1165 1287 1288 1328 bonis
1323 1287 1608 1343 Episcopatus

73 1342 387 1393 Βυ1161111611515,
411 1352 638 1400 postquam
671 1344 749 1399 ipsi
783 1345 972 1386 ecclesiae
1009 1345 1136 1387 fuerit
1165 1345 1219 1386 de
1261 1353 1431 1400 pastore
1466 1346 1605 1401 provi-

74 1416 180 1451 sum,
205 1402 369 1442 1estitui
386 1402 573 1451 faciati53
596 1412 717 1444 conti
720 1403 928 1444 admrores
941 1419 1018 1459 per
1040 1418 1258 1444 censuram
1281 1403 1608 1446 ecclesiasticam

72 1460 362 1514 appellacione
400 1460 639 1516 postposita
671 1463 999 1516 compescendo.
1064 1462 1196 1511 Quod
1218 1461 1252 1502 si
1272 1476 1355 1503 11011
1379 1463 1504 1503 ambo
1527 1462 1605 1503 hiis

74 1518 333 1574 exequendis
370 1519 593 1573 potueritis
627 1519 840 1569 interesse,
865 1520 972 1561 alter
1004 1529 1191 1561 vestrum
1226 1535 1277 1561 ea
1311 1521 1605 1562 nichilominus

74 1585 324 1632 exequatur
412 1577 529 1618 Data
567 1577 782 1628 Laterani,
826 1578 1018 1619 kalendis
1059 1578 1292 1628 Februarii,
1335 1579 1606 1635 pontificatus

73 1634 206 1675 nostri
228 1649 341 1676 anno
363 1635 495 1677 tercio
516 1635 684 1677 decimo
709 1637 774 1694 [et
796 1651 910 1678 anno
934 1636 1093 1678 Christi
1119 1636 1298 1693 1237*].

397 1914 505 1942 LVII.
538 1912 882 1946 ACQUIETANCIA
913 1912 1003 1940 PRO
1037 1912 1264 1941 SUBSIDIO.

691 1991 804 2035 [Orig
819 1990 901 2023 Loc.
922 1991 991 2031 19.]

137 2069 345 2113 Omnibus
366 2084 554 2125 praesens
577 2068 780 2134 scriptum
801 2067 950 2109 visuris
983 2068 1051 2109 vel
1083 2067 1302 2119 auditu1is,
1325 2069 1367 2113 J.
1395 2070 1518 2113 Prior
1549 2073 1603 2115 de

79 2128 323 2178 Gisburnia,
362 2128 543 2169 salutem
579 2127 623 2168 in
661 2127 865 2170 Domino.
930 2125 1149 2167 Noveritis
1176 2142 1267 2178 nos,
1291 2142 1404 2169 anno
1428 2129 1604 2171 Domini

73 2200 167 2227 Mcc
198 2187 522 2251 quadragesimo
553 2185 705 2240 primo,
729 2184 771 2224 in
808 2184 992 2225 crastino
1019 2185 1310 2226 translacionis
1332 2186 1444 2228 beati
1471 2188 1605 2229 Swid-

73 2244 211 2309 thuni,
235 2259 442 2298 recepisse
468 2259 493 2284 a
526 2243 674 2285 Priore
695 2251 739 2283 et
763 2243 989 2284 Conventu
1013 2242 1217 2284 Dunelm.
1239 2257 1314 2297 per
1335 2259 1506 2286 manum
1528 2245 1605 2287 do-

73 2302 176 2342 mini
201 2302 250 2343 Β.
266 2301 494 2356 supprioris
516 2301 705 2357 ejusdem
723 2300 904 2350 Domus,
920 2299 1034 2340 mille
1048 2315 1209 2340 marcas
1227 2300 1408 2354 argenti,
1424 2302 1479 2343 ad
1497 2318 1602 2358 opus

74 2358 237 2400 domini
255 2359 397 2423 Papae,
416 2359 470 2399 de
492 2358 680 2400 subsidio
693 2357 832 2398 eidem
851 2357 1023 2397 domino
1044 2358 1173 2411 Papae
1189 2357 1243 2399 (16
1267 2358 1412 2400 Scotia
1432 2360 1604 2413 collato,

74 2416 327 2472 computatis
349 2431 428 2471 pro
449 2416 637 2471 qualibet
659 2430 801 2456 marca
820 2414 892 2469 xiij
926 2414 1069 2456 solidis
1092 2423 1135 2456 et
1156 2414 1248 2469 iiijd.
1332 2416 1382 2457 In
1403 2419 1521 2474 cujus
1543 2422 1605 2461 rei

74 2474 362 2517 testimonium
383 2473 586 2528 praesenti
607 2473 763 2528 scripto
776 2472 960 2527 sigillum
976 2481 1174 2514 nostrum
1183 2488 1469 2528 apposuimus
1505 2477 1604 2518 Hiis

74 2532 264 2583 testibus,
288 2532 359 2588 qui
381 2530 685 2572 deliberacioni
707 2530 834 2571 dictae
854 2530 1047 2585 pecuniae
1069 2531 1190 2572 nobis
1211 2547 1288 2586 per
1308 2547 1478 2573 manum
1501 2534 1605 2576 dicti

80 2591 321 2648 Supprioris
342 2589 530 2645 plenarie
542 2590 654 2631 facta
674 2588 972 2639 interfuerunt,
996 2589 1198 2647 magistro
1218 2589 1279 2631 W.
1298 2590 1351 2632 de
1372 2591 1602 2650 Kilkenny,

190 2709 206 2725 ἦ
232 2707 274 2740 In
293 2718 311 2740 a
327 2706 413 2741 luter
429 2706 528 2747 hand,
549 2706 611 2741 but
629 2707 725 2741 there
742 2708 770 2741 is
786 2717 804 2740 a
821 2706 963 2740 mistake
980 2706 1019 2740 of
1030 2706 1124 2740 three
1140 2718 1239 2750 years
1256 2707 1290 2741 in
1308 2707 1367 2741 the
1384 2707 1471 2742 date.
