<?xml version="1.0" encoding="UTF-8"?>
<!DOCTYPE html PUBLIC "-//W3C//DTD XHTML 1.0 Transitional//EN"
    "http://www.w3.org/TR/xhtml1/DTD/xhtml1-transitional.dtd">
<html xmlns="http://www.w3.org/1999/xhtml" xml:lang="en" lang="en">
 <head>
  <title>
</title>
<meta http-equiv="Content-Type" content="text/html;charset=utf-8" />
  <meta name='ocr-system' content='tesseract 3.04.00' />
  <meta name='ocr-capabilities' content='ocr_page ocr_carea ocr_par ocr_line ocrx_word'/>
</head>
<body>
  <div class='ocr_page' id='page_1' title='image "./historiaedunelme00gauf_0619.png"; bbox 0 0 1807 2962; ppageno 0'>
   <div class='ocr_carea' id='block_1_1' title="bbox 485 110 1583 170">
    <p class='ocr_par' dir='ltr' id='par_1_1' title="bbox 485 110 1583 170">
     <span class='ocr_line' id='line_1_1' title="bbox 485 110 1583 170; baseline 0.006 -7"><span class='ocrx_word' id='word_1_1' title='bbox 485 132 757 165; x_wconf 80' lang='lat' dir='ltr'>APPENDIX.</span> <span class='ocrx_word' id='word_1_2' title='bbox 798 131 915 164; x_wconf 80' lang='lat' dir='ltr'>ANN.</span> <span class='ocrx_word' id='word_1_3' title='bbox 944 133 1138 165; x_wconf 81' lang='lat' dir='ltr'><strong>MDVIII.</strong></span> <span class='ocrx_word' id='word_1_4' title='bbox 1416 110 1583 170; x_wconf 68' lang='lat' dir='ltr'>ccccix⁸</span> 
     </span>
    </p>
   </div>
   <div class='ocr_carea' id='block_1_2' title="bbox 53 238 1612 2318">
    <p class='ocr_par' dir='ltr' id='par_1_2' title="bbox 53 238 1612 2318">
     <span class='ocr_line' id='line_1_2' title="bbox 53 238 1580 294; baseline 0 -12"><span class='ocrx_word' id='word_1_5' title='bbox 53 240 288 290; x_wconf 84' lang='lat' dir='ltr'>existentis,</span> <span class='ocrx_word' id='word_1_6' title='bbox 312 254 388 294; x_wconf 91' lang='lat' dir='ltr'>per</span> <span class='ocrx_word' id='word_1_7' title='bbox 418 239 691 281; x_wconf 86' lang='lat' dir='ltr'>medietatem</span> <span class='ocrx_word' id='word_1_8' title='bbox 713 241 834 282; x_wconf 85' lang='lat' dir='ltr'>unius</span> <span class='ocrx_word' id='word_1_9' title='bbox 856 238 954 280; x_wconf 84' lang='lat' dir='ltr'>anni</span> <span class='ocrx_word' id='word_1_10' title='bbox 974 240 1015 279; x_wconf 88' lang='lat' dir='ltr'>in</span> <span class='ocrx_word' id='word_1_11' title='bbox 1038 239 1244 294; x_wconf 82' lang='lat' dir='ltr'>praedicto</span> <span class='ocrx_word' id='word_1_12' title='bbox 1267 250 1384 285; x_wconf 82' lang='lat' dir='ltr'>vasto</span> <span class='ocrx_word' id='word_1_13' title='bbox 1405 242 1580 286; x_wconf 83' lang='lat' dir='ltr'>inveniri</span> 
     </span>
     <span class='ocr_line' id='line_1_3' title="bbox 53 296 1581 355; baseline 0.002 -15"><span class='ocrx_word' id='word_1_14' title='bbox 53 298 224 355; x_wconf 89' lang='lat' dir='ltr'>poterit,</span> <span class='ocrx_word' id='word_1_15' title='bbox 247 298 362 353; x_wconf 89' lang='lat' dir='ltr'>quod</span> <span class='ocrx_word' id='word_1_16' title='bbox 385 307 485 339; x_wconf 88' lang='lat' dir='ltr'>tunc</span> <span class='ocrx_word' id='word_1_17' title='bbox 520 299 631 338; x_wconf 90' lang='lat' dir='ltr'>bene</span> <span class='ocrx_word' id='word_1_18' title='bbox 653 296 798 339; x_wconf 78' lang='lat' dir='ltr'><strong>licebit</strong></span> <span class='ocrx_word' id='word_1_19' title='bbox 819 296 940 338; x_wconf 89' lang='lat' dir='ltr'>nobis</span> <span class='ocrx_word' id='word_1_20' title='bbox 970 306 1011 338; x_wconf 89' lang='lat' dir='ltr'>et</span> <span class='ocrx_word' id='word_1_21' title='bbox 1034 298 1343 340; x_wconf 87' lang='lat' dir='ltr'>successoribus</span> <span class='ocrx_word' id='word_1_22' title='bbox 1365 301 1515 342; x_wconf 85' lang='lat' dir='ltr'>nostris</span> <span class='ocrx_word' id='word_1_23' title='bbox 1537 303 1581 344; x_wconf 87' lang='lat' dir='ltr'>in</span> 
     </span>
     <span class='ocr_line' id='line_1_4' title="bbox 53 355 1582 411; baseline 0.003 -15"><span class='ocrx_word' id='word_1_24' title='bbox 53 355 306 411; x_wconf 88' lang='lat' dir='ltr'>praedictum</span> <span class='ocrx_word' id='word_1_25' title='bbox 340 364 503 396; x_wconf 84' lang='lat' dir='ltr'>vastum</span> <span class='ocrx_word' id='word_1_26' title='bbox 519 355 676 395; x_wconf 83' lang='lat' dir='ltr'>intrare.</span> <span class='ocrx_word' id='word_1_27' title='bbox 699 364 740 396; x_wconf 89' lang='lat' dir='ltr'>et</span> <span class='ocrx_word' id='word_1_28' title='bbox 762 355 982 404; x_wconf 77' lang='lat' dir='ltr'><strong>rehabere,</strong></span> <span class='ocrx_word' id='word_1_29' title='bbox 1007 362 1050 395; x_wconf 90' lang='lat' dir='ltr'>et</span> <span class='ocrx_word' id='word_1_30' title='bbox 1073 355 1299 409; x_wconf 81' lang='lat' dir='ltr'>praedictos</span> <span class='ocrx_word' id='word_1_31' title='bbox 1323 357 1515 399; x_wconf 83' lang='lat' dir='ltr'>Priorem</span> <span class='ocrx_word' id='word_1_32' title='bbox 1538 369 1582 401; x_wconf 87' lang='lat' dir='ltr'>et</span> 
     </span>
     <span class='ocr_line' id='line_1_5' title="bbox 57 412 1584 469; baseline 0.001 -13"><span class='ocrx_word' id='word_1_33' title='bbox 57 414 327 456; x_wconf 90' lang='lat' dir='ltr'>Conventum</span> <span class='ocrx_word' id='word_1_34' title='bbox 372 422 414 454; x_wconf 92' lang='lat' dir='ltr'>et</span> <span class='ocrx_word' id='word_1_35' title='bbox 459 426 720 453; x_wconf 80' lang='lat' dir='ltr'>successores</span> <span class='ocrx_word' id='word_1_36' title='bbox 758 428 854 454; x_wconf 89' lang='lat' dir='ltr'>suos</span> <span class='ocrx_word' id='word_1_37' title='bbox 895 412 995 453; x_wconf 87' lang='lat' dir='ltr'>inde</span> <span class='ocrx_word' id='word_1_38' title='bbox 1036 412 1261 466; x_wconf 82' lang='lat' dir='ltr'>expellere,</span> <span class='ocrx_word' id='word_1_39' title='bbox 1302 416 1584 469; x_wconf 76' lang='lat' dir='ltr'>praesentibus</span> 
     </span>
     <span class='ocr_line' id='line_1_6' title="bbox 54 470 1585 526; baseline 0.002 -14"><span class='ocrx_word' id='word_1_40' title='bbox 54 471 184 512; x_wconf 87' lang='lat' dir='ltr'>literis</span> <span class='ocrx_word' id='word_1_41' title='bbox 218 470 369 511; x_wconf 82' lang='lat' dir='ltr'>nostris</span> <span class='ocrx_word' id='word_1_42' title='bbox 404 470 650 525; x_wconf 87' lang='lat' dir='ltr'>patentibus</span> <span class='ocrx_word' id='word_1_43' title='bbox 674 470 716 510; x_wconf 91' lang='lat' dir='ltr'>in</span> <span class='ocrx_word' id='word_1_44' title='bbox 738 470 880 526; x_wconf 86' lang='lat' dir='ltr'>aliquo</span> <span class='ocrx_word' id='word_1_45' title='bbox 912 484 997 509; x_wconf 89' lang='lat' dir='ltr'>non</span> <span class='ocrx_word' id='word_1_46' title='bbox 1028 470 1310 512; x_wconf 85' lang='lat' dir='ltr'>obstantibus.</span> <span class='ocrx_word' id='word_1_47' title='bbox 1373 472 1585 516; x_wconf 87' lang='lat' dir='ltr'>Dedimus</span> 
     </span>
     <span class='ocr_line' id='line_1_7' title="bbox 56 527 1584 583; baseline 0.002 -14"><span class='ocrx_word' id='word_1_48' title='bbox 56 528 191 569; x_wconf 86' lang='lat' dir='ltr'>eciam</span> <span class='ocrx_word' id='word_1_49' title='bbox 228 537 270 569; x_wconf 91' lang='lat' dir='ltr'>et</span> <span class='ocrx_word' id='word_1_50' title='bbox 306 528 603 576; x_wconf 84' lang='lat' dir='ltr'>concessimus,</span> <span class='ocrx_word' id='word_1_51' title='bbox 625 540 673 567; x_wconf 89' lang='lat' dir='ltr'>ac</span> <span class='ocrx_word' id='word_1_52' title='bbox 706 543 782 583; x_wconf 89' lang='lat' dir='ltr'>per</span> <span class='ocrx_word' id='word_1_53' title='bbox 812 537 1044 582; x_wconf 81' lang='lat' dir='ltr'>praesentes</span> <span class='ocrx_word' id='word_1_54' title='bbox 1066 527 1214 568; x_wconf 82' lang='lat' dir='ltr'>damus</span> <span class='ocrx_word' id='word_1_55' title='bbox 1235 537 1279 569; x_wconf 88' lang='lat' dir='ltr'>et</span> <span class='ocrx_word' id='word_1_56' title='bbox 1301 530 1584 583; x_wconf 84' lang='lat' dir='ltr'>concedimus,</span> 
     </span>
     <span class='ocr_line' id='line_1_8' title="bbox 54 585 1589 641; baseline 0.003 -14"><span class='ocrx_word' id='word_1_57' title='bbox 54 585 242 641; x_wconf 81' lang='lat' dir='ltr'>praefatis</span> <span class='ocrx_word' id='word_1_58' title='bbox 278 585 415 626; x_wconf 86' lang='lat' dir='ltr'>Priori</span> <span class='ocrx_word' id='word_1_59' title='bbox 438 593 480 626; x_wconf 82' lang='lat' dir='ltr'>et</span> <span class='ocrx_word' id='word_1_60' title='bbox 504 586 747 626; x_wconf 86' lang='lat' dir='ltr'>Conventui</span> <span class='ocrx_word' id='word_1_61' title='bbox 778 593 912 626; x_wconf 90' lang='lat' dir='ltr'>totam</span> <span class='ocrx_word' id='word_1_62' title='bbox 935 599 1088 639; x_wconf 84' lang='lat' dir='ltr'>aquam</span> <span class='ocrx_word' id='word_1_63' title='bbox 1110 593 1299 627; x_wconf 89' lang='lat' dir='ltr'>nostram</span> <span class='ocrx_word' id='word_1_64' title='bbox 1322 587 1375 628; x_wconf 89' lang='lat' dir='ltr'>de</span> <span class='ocrx_word' id='word_1_65' title='bbox 1403 587 1538 640; x_wconf 90' lang='lat' dir='ltr'>Were,</span> <span class='ocrx_word' id='word_1_66' title='bbox 1562 605 1589 632; x_wconf 86' lang='lat' dir='ltr'>a</span> 
     </span>
     <span class='ocr_line' id='line_1_9' title="bbox 55 642 1591 702; baseline 0.003 -18"><span class='ocrx_word' id='word_1_67' title='bbox 55 651 186 699; x_wconf 89' lang='lat' dir='ltr'>ponte</span> <span class='ocrx_word' id='word_1_68' title='bbox 223 643 276 684; x_wconf 88' lang='lat' dir='ltr'>de</span> <span class='ocrx_word' id='word_1_69' title='bbox 310 642 619 696; x_wconf 83' lang='lat' dir='ltr'>Framwelgate</span> <span class='ocrx_word' id='word_1_70' title='bbox 651 642 859 696; x_wconf 81' lang='lat' dir='ltr'>praedicto</span> <span class='ocrx_word' id='word_1_71' title='bbox 889 656 1021 697; x_wconf 90' lang='lat' dir='ltr'>usque</span> <span class='ocrx_word' id='word_1_72' title='bbox 1042 650 1217 696; x_wconf 88' lang='lat' dir='ltr'>pontem</span> <span class='ocrx_word' id='word_1_73' title='bbox 1239 643 1293 685; x_wconf 91' lang='lat' dir='ltr'>de</span> <span class='ocrx_word' id='word_1_74' title='bbox 1317 644 1461 687; x_wconf 82' lang='lat' dir='ltr'>Elvett</span> <span class='ocrx_word' id='word_1_75' title='bbox 1482 661 1591 702; x_wconf 86' lang='lat' dir='ltr'>prae-</span> 
     </span>
     <span class='ocr_line' id='line_1_10' title="bbox 57 698 1590 756; baseline 0.003 -14"><span class='ocrx_word' id='word_1_76' title='bbox 57 701 244 750; x_wconf 85' lang='lat' dir='ltr'>dictum3</span> <span class='ocrx_word' id='word_1_77' title='bbox 286 699 540 749; x_wconf 82' lang='lat' dir='ltr'>habendam,</span> <span class='ocrx_word' id='word_1_78' title='bbox 579 700 864 753; x_wconf 85' lang='lat' dir='ltr'>gaudendam,</span> <span class='ocrx_word' id='word_1_79' title='bbox 909 698 1191 742; x_wconf 88' lang='lat' dir='ltr'>vheniendam</span> <span class='ocrx_word' id='word_1_80' title='bbox 1231 715 1307 756; x_wconf 89' lang='lat' dir='ltr'>per</span> <span class='ocrx_word' id='word_1_81' title='bbox 1346 703 1503 745; x_wconf 90' lang='lat' dir='ltr'>cimbas</span> <span class='ocrx_word' id='word_1_82' title='bbox 1544 714 1590 747; x_wconf 83' lang='lat' dir='ltr'>et</span> 
     </span>
     <span class='ocr_line' id='line_1_11' title="bbox 59 757 1589 816; baseline 0.003 -16"><span class='ocrx_word' id='word_1_83' title='bbox 59 759 309 814; x_wconf 86' lang='lat' dir='ltr'>passandam</span> <span class='ocrx_word' id='word_1_84' title='bbox 328 772 406 812; x_wconf 88' lang='lat' dir='ltr'>per</span> <span class='ocrx_word' id='word_1_85' title='bbox 422 766 602 806; x_wconf 82' lang='lat' dir='ltr'>monteS,</span> <span class='ocrx_word' id='word_1_86' title='bbox 632 757 684 807; x_wconf 58' lang='grc' dir='ltr'>[ἲ</span> <span class='ocrx_word' id='word_1_87' title='bbox 698 762 864 811; x_wconf 73' lang='lat' dir='ltr'>pontes]</span> <span class='ocrx_word' id='word_1_88' title='bbox 883 757 948 797; x_wconf 89' lang='lat' dir='ltr'>vel</span> <span class='ocrx_word' id='word_1_89' title='bbox 965 771 1233 814; x_wconf 87' lang='lat' dir='ltr'>quocumque</span> <span class='ocrx_word' id='word_1_90' title='bbox 1250 759 1333 800; x_wconf 89' lang='lat' dir='ltr'>alio</span> <span class='ocrx_word' id='word_1_91' title='bbox 1350 761 1478 802; x_wconf 87' lang='lat' dir='ltr'>modo</span> <span class='ocrx_word' id='word_1_92' title='bbox 1494 777 1589 816; x_wconf 86' lang='lat' dir='ltr'>pas-</span> 
     </span>
     <span class='ocr_line' id='line_1_12' title="bbox 59 814 1588 871; baseline 0.003 -14"><span class='ocrx_word' id='word_1_93' title='bbox 59 817 249 866; x_wconf 87' lang='lat' dir='ltr'>sandam,</span> <span class='ocrx_word' id='word_1_94' title='bbox 273 815 412 857; x_wconf 88' lang='lat' dir='ltr'>eidem</span> <span class='ocrx_word' id='word_1_95' title='bbox 447 814 583 856; x_wconf 84' lang='lat' dir='ltr'>Priori</span> <span class='ocrx_word' id='word_1_96' title='bbox 615 823 659 856; x_wconf 90' lang='lat' dir='ltr'>et</span> <span class='ocrx_word' id='word_1_97' title='bbox 689 814 998 856; x_wconf 89' lang='lat' dir='ltr'>successoribus</span> <span class='ocrx_word' id='word_1_98' title='bbox 1020 815 1103 856; x_wconf 88' lang='lat' dir='ltr'>suis</span> <span class='ocrx_word' id='word_1_99' title='bbox 1130 814 1173 856; x_wconf 90' lang='lat' dir='ltr'>in</span> <span class='ocrx_word' id='word_1_100' title='bbox 1206 818 1474 871; x_wconf 84' lang='lat' dir='ltr'>separalitate</span> <span class='ocrx_word' id='word_1_101' title='bbox 1496 820 1588 862; x_wconf 88' lang='lat' dir='ltr'>sine</span> 
     </span>
     <span class='ocr_line' id='line_1_13' title="bbox 60 872 1592 930; baseline 0.003 -15"><span class='ocrx_word' id='word_1_102' title='bbox 60 874 202 930; x_wconf 89' lang='lat' dir='ltr'>aliquo</span> <span class='ocrx_word' id='word_1_103' title='bbox 238 874 358 914; x_wconf 90' lang='lat' dir='ltr'>nobis</span> <span class='ocrx_word' id='word_1_104' title='bbox 396 885 439 914; x_wconf 87' lang='lat' dir='ltr'>et</span> <span class='ocrx_word' id='word_1_105' title='bbox 471 872 781 913; x_wconf 82' lang='lat' dir='ltr'>successoribus</span> <span class='ocrx_word' id='word_1_106' title='bbox 817 872 970 913; x_wconf 88' lang='lat' dir='ltr'>nostris</span> <span class='ocrx_word' id='word_1_107' title='bbox 1021 873 1121 914; x_wconf 88' lang='lat' dir='ltr'>inde</span> <span class='ocrx_word' id='word_1_108' title='bbox 1156 874 1379 917; x_wconf 89' lang='lat' dir='ltr'>reddendo</span> <span class='ocrx_word' id='word_1_109' title='bbox 1410 876 1476 917; x_wconf 93' lang='lat' dir='ltr'>vel</span> <span class='ocrx_word' id='word_1_110' title='bbox 1509 879 1592 920; x_wconf 88' lang='lat' dir='ltr'>sol-</span> 
     </span>
     <span class='ocr_line' id='line_1_14' title="bbox 59 930 1591 987; baseline 0.002 -14"><span class='ocrx_word' id='word_1_111' title='bbox 59 932 202 973; x_wconf 90' lang='lat' dir='ltr'>vendo</span> <span class='ocrx_word' id='word_1_112' title='bbox 232 948 241 973; x_wconf 89' lang='lat'>:</span> <span class='ocrx_word' id='word_1_113' title='bbox 275 930 443 986; x_wconf 88' lang='lat' dir='ltr'>proviso</span> <span class='ocrx_word' id='word_1_114' title='bbox 474 945 641 985; x_wconf 83' lang='lat' dir='ltr'>semper</span> <span class='ocrx_word' id='word_1_115' title='bbox 661 930 777 986; x_wconf 89' lang='lat' dir='ltr'>quod</span> <span class='ocrx_word' id='word_1_116' title='bbox 811 938 1003 971; x_wconf 88' lang='lat' dir='ltr'>tenentes</span> <span class='ocrx_word' id='word_1_117' title='bbox 1038 931 1186 981; x_wconf 87' lang='lat' dir='ltr'>nostri,</span> <span class='ocrx_word' id='word_1_118' title='bbox 1229 932 1284 973; x_wconf 86' lang='lat' dir='ltr'>ad</span> <span class='ocrx_word' id='word_1_119' title='bbox 1314 933 1591 987; x_wconf 88' lang='lat' dir='ltr'>voluntatem,</span> 
     </span>
     <span class='ocr_line' id='line_1_15' title="bbox 60 988 1596 1039; baseline 0.003 -9"><span class='ocrx_word' id='word_1_120' title='bbox 60 990 130 1031; x_wconf 87' lang='lat' dir='ltr'>vel</span> <span class='ocrx_word' id='word_1_121' title='bbox 150 989 283 1039; x_wconf 86' lang='lat' dir='ltr'>aliter,</span> <span class='ocrx_word' id='word_1_122' title='bbox 307 1004 356 1029; x_wconf 91' lang='lat' dir='ltr'>ac</span> <span class='ocrx_word' id='word_1_123' title='bbox 378 988 658 1029; x_wconf 80' lang='lat' dir='ltr'>inhabitantes</span> <span class='ocrx_word' id='word_1_124' title='bbox 687 988 822 1029; x_wconf 82' lang='lat' dir='ltr'>nostri</span> <span class='ocrx_word' id='word_1_125' title='bbox 839 988 949 1029; x_wconf 88' lang='lat' dir='ltr'>infra</span> <span class='ocrx_word' id='word_1_126' title='bbox 965 1003 1107 1030; x_wconf 82' lang='lat' dir='ltr'>muros</span> <span class='ocrx_word' id='word_1_127' title='bbox 1129 989 1252 1030; x_wconf 82' lang='lat' dir='ltr'>castri</span> <span class='ocrx_word' id='word_1_128' title='bbox 1274 991 1406 1032; x_wconf 88' lang='lat' dir='ltr'>nostri</span> <span class='ocrx_word' id='word_1_129' title='bbox 1432 992 1596 1035; x_wconf 90' lang='lat' dir='ltr'>Dunel-</span> 
     </span>
     <span class='ocr_line' id='line_1_16' title="bbox 63 1046 1596 1106; baseline 0.003 -18"><span class='ocrx_word' id='word_1_130' title='bbox 63 1049 217 1089; x_wconf 85' lang='lat' dir='ltr'>mensis</span> <span class='ocrx_word' id='word_1_131' title='bbox 239 1047 423 1087; x_wconf 88' lang='lat' dir='ltr'>habeant</span> <span class='ocrx_word' id='word_1_132' title='bbox 450 1046 632 1087; x_wconf 88' lang='lat' dir='ltr'>liberum</span> <span class='ocrx_word' id='word_1_133' title='bbox 664 1046 898 1100; x_wconf 82' lang='lat' dir='ltr'>ingressum</span> <span class='ocrx_word' id='word_1_134' title='bbox 924 1055 966 1087; x_wconf 88' lang='lat' dir='ltr'>et</span> <span class='ocrx_word' id='word_1_135' title='bbox 990 1061 1203 1103; x_wconf 82' lang='lat' dir='ltr'>egressum</span> <span class='ocrx_word' id='word_1_136' title='bbox 1225 1048 1267 1088; x_wconf 91' lang='lat' dir='ltr'>in</span> <span class='ocrx_word' id='word_1_137' title='bbox 1289 1050 1478 1104; x_wconf 89' lang='lat' dir='ltr'>qualibet</span> <span class='ocrx_word' id='word_1_138' title='bbox 1499 1066 1596 1106; x_wconf 88' lang='lat' dir='ltr'>par·</span> 
     </span>
     <span class='ocr_line' id='line_1_17' title="bbox 64 1103 1596 1163; baseline 0.003 -17"><span class='ocrx_word' id='word_1_139' title='bbox 64 1105 170 1147; x_wconf 84' lang='lat' dir='ltr'>cella</span> <span class='ocrx_word' id='word_1_140' title='bbox 189 1104 384 1159; x_wconf 84' lang='lat' dir='ltr'>praedicti</span> <span class='ocrx_word' id='word_1_141' title='bbox 406 1103 511 1145; x_wconf 85' lang='lat' dir='ltr'>vasti</span> <span class='ocrx_word' id='word_1_142' title='bbox 547 1112 591 1145; x_wconf 90' lang='lat' dir='ltr'>et</span> <span class='ocrx_word' id='word_1_143' title='bbox 623 1104 810 1158; x_wconf 85' lang='lat' dir='ltr'>ejusdem</span> <span class='ocrx_word' id='word_1_144' title='bbox 837 1119 972 1160; x_wconf 84' lang='lat' dir='ltr'>aquae,</span> <span class='ocrx_word' id='word_1_145' title='bbox 996 1105 1104 1146; x_wconf 89' lang='lat' dir='ltr'>sicut</span> <span class='ocrx_word' id='word_1_146' title='bbox 1125 1113 1224 1146; x_wconf 88' lang='lat' dir='ltr'>ante</span> <span class='ocrx_word' id='word_1_147' title='bbox 1246 1106 1390 1148; x_wconf 87' lang='lat' dir='ltr'>datam</span> <span class='ocrx_word' id='word_1_148' title='bbox 1412 1123 1596 1163; x_wconf 87' lang='lat' dir='ltr'>praesen-</span> 
     </span>
     <span class='ocr_line' id='line_1_18' title="bbox 66 1162 1596 1218; baseline 0.003 -14"><span class='ocrx_word' id='word_1_149' title='bbox 66 1167 177 1205; x_wconf 90' lang='lat' dir='ltr'>cium</span> <span class='ocrx_word' id='word_1_150' title='bbox 210 1163 368 1204; x_wconf 87' lang='lat' dir='ltr'>habere</span> <span class='ocrx_word' id='word_1_151' title='bbox 390 1171 717 1212; x_wconf 88' lang='lat' dir='ltr'>consueverunt,</span> <span class='ocrx_word' id='word_1_152' title='bbox 741 1163 899 1218; x_wconf 83' lang='lat' dir='ltr'>absque</span> <span class='ocrx_word' id='word_1_153' title='bbox 920 1162 1234 1217; x_wconf 87' lang='lat' dir='ltr'>interrupcione</span> <span class='ocrx_word' id='word_1_154' title='bbox 1257 1179 1330 1206; x_wconf 89' lang='lat' dir='ltr'>seu</span> <span class='ocrx_word' id='word_1_155' title='bbox 1361 1166 1596 1209; x_wconf 85' lang='lat' dir='ltr'>vexacione</span> 
     </span>
     <span class='ocr_line' id='line_1_19' title="bbox 65 1219 1595 1277; baseline 0.003 -16"><span class='ocrx_word' id='word_1_156' title='bbox 65 1220 369 1277; x_wconf 81' lang='lat' dir='ltr'>praedictorum</span> <span class='ocrx_word' id='word_1_157' title='bbox 418 1219 574 1261; x_wconf 91' lang='lat' dir='ltr'>Prioris</span> <span class='ocrx_word' id='word_1_158' title='bbox 612 1228 656 1261; x_wconf 88' lang='lat' dir='ltr'>et</span> <span class='ocrx_word' id='word_1_159' title='bbox 697 1221 945 1262; x_wconf 85' lang='lat' dir='ltr'>Conventus</span> <span class='ocrx_word' id='word_1_160' title='bbox 985 1229 1027 1261; x_wconf 89' lang='lat' dir='ltr'>et</span> <span class='ocrx_word' id='word_1_161' title='bbox 1078 1236 1369 1264; x_wconf 89' lang='lat' dir='ltr'>successorum</span> <span class='ocrx_word' id='word_1_162' title='bbox 1408 1239 1595 1270; x_wconf 85' lang='lat' dir='ltr'>suorum.</span> 
     </span>
     <span class='ocr_line' id='line_1_20' title="bbox 68 1277 1598 1333; baseline 0.003 -13"><span class='ocrx_word' id='word_1_163' title='bbox 68 1278 246 1321; x_wconf 88' lang='lat' dir='ltr'>Proviso</span> <span class='ocrx_word' id='word_1_164' title='bbox 282 1279 417 1319; x_wconf 88' lang='lat' dir='ltr'>eciam</span> <span class='ocrx_word' id='word_1_165' title='bbox 453 1277 570 1333; x_wconf 91' lang='lat' dir='ltr'>quod</span> <span class='ocrx_word' id='word_1_166' title='bbox 600 1293 677 1318; x_wconf 91' lang='lat' dir='ltr'>nos</span> <span class='ocrx_word' id='word_1_167' title='bbox 699 1287 743 1319; x_wconf 89' lang='lat' dir='ltr'>et</span> <span class='ocrx_word' id='word_1_168' title='bbox 764 1293 1025 1319; x_wconf 86' lang='lat' dir='ltr'>successores</span> <span class='ocrx_word' id='word_1_169' title='bbox 1047 1279 1191 1329; x_wconf 84' lang='lat' dir='ltr'>nostri,</span> <span class='ocrx_word' id='word_1_170' title='bbox 1215 1294 1382 1321; x_wconf 88' lang='lat' dir='ltr'>necnon</span> <span class='ocrx_word' id='word_1_171' title='bbox 1403 1292 1598 1324; x_wconf 90' lang='lat' dir='ltr'>tenentes</span> 
     </span>
     <span class='ocr_line' id='line_1_21' title="bbox 68 1335 1600 1396; baseline 0.002 -17"><span class='ocrx_word' id='word_1_172' title='bbox 68 1352 116 1379; x_wconf 88' lang='lat' dir='ltr'>ac</span> <span class='ocrx_word' id='word_1_173' title='bbox 138 1336 367 1378; x_wconf 88' lang='lat' dir='ltr'>servientes</span> <span class='ocrx_word' id='word_1_174' title='bbox 386 1335 530 1385; x_wconf 89' lang='lat' dir='ltr'>nostri,</span> <span class='ocrx_word' id='word_1_175' title='bbox 547 1335 794 1377; x_wconf 83' lang='lat' dir='ltr'>habebimus</span> <span class='ocrx_word' id='word_1_176' title='bbox 811 1336 1046 1390; x_wconf 84' lang='lat' dir='ltr'>ingressum</span> <span class='ocrx_word' id='word_1_177' title='bbox 1064 1347 1107 1377; x_wconf 90' lang='lat' dir='ltr'>et</span> <span class='ocrx_word' id='word_1_178' title='bbox 1128 1352 1338 1394; x_wconf 82' lang='lat' dir='ltr'>egressum</span> <span class='ocrx_word' id='word_1_179' title='bbox 1356 1338 1398 1379; x_wconf 90' lang='lat' dir='ltr'>in</span> <span class='ocrx_word' id='word_1_180' title='bbox 1413 1341 1600 1396; x_wconf 89' lang='lat' dir='ltr'>qualibet</span> 
     </span>
     <span class='ocr_line' id='line_1_22' title="bbox 68 1393 1598 1451; baseline 0.002 -15"><span class='ocrx_word' id='word_1_181' title='bbox 68 1395 254 1451; x_wconf 83' lang='lat' dir='ltr'>parcella</span> <span class='ocrx_word' id='word_1_182' title='bbox 274 1393 469 1449; x_wconf 84' lang='lat' dir='ltr'>praedicti</span> <span class='ocrx_word' id='word_1_183' title='bbox 491 1394 612 1443; x_wconf 84' lang='lat' dir='ltr'>vasti,</span> <span class='ocrx_word' id='word_1_184' title='bbox 637 1401 724 1434; x_wconf 86' lang='lat' dir='ltr'>tam</span> <span class='ocrx_word' id='word_1_185' title='bbox 746 1409 825 1449; x_wconf 90' lang='lat' dir='ltr'>pro</span> <span class='ocrx_word' id='word_1_186' title='bbox 847 1394 964 1449; x_wconf 87' lang='lat' dir='ltr'>equis</span> <span class='ocrx_word' id='word_1_187' title='bbox 987 1409 1111 1450; x_wconf 85' lang='lat' dir='ltr'>quam</span> <span class='ocrx_word' id='word_1_188' title='bbox 1135 1410 1212 1449; x_wconf 88' lang='lat' dir='ltr'>pro</span> <span class='ocrx_word' id='word_1_189' title='bbox 1233 1397 1409 1438; x_wconf 86' lang='lat' dir='ltr'>carectis</span> <span class='ocrx_word' id='word_1_190' title='bbox 1432 1399 1598 1449; x_wconf 90' lang='lat' dir='ltr'>nostris,</span> 
     </span>
     <span class='ocr_line' id='line_1_23' title="bbox 70 1451 1601 1498; baseline 0.002 -3"><span class='ocrx_word' id='word_1_191' title='bbox 70 1468 119 1495; x_wconf 89' lang='lat' dir='ltr'>ac</span> <span class='ocrx_word' id='word_1_192' title='bbox 141 1453 231 1494; x_wconf 82' lang='lat' dir='ltr'>aliis</span> <span class='ocrx_word' id='word_1_193' title='bbox 254 1451 498 1494; x_wconf 88' lang='lat' dir='ltr'>necessariis</span> <span class='ocrx_word' id='word_1_194' title='bbox 520 1452 574 1493; x_wconf 90' lang='lat' dir='ltr'>ad</span> <span class='ocrx_word' id='word_1_195' title='bbox 596 1465 742 1493; x_wconf 87' lang='lat' dir='ltr'>muros</span> <span class='ocrx_word' id='word_1_196' title='bbox 764 1451 851 1493; x_wconf 89' lang='lat' dir='ltr'>sive</span> <span class='ocrx_word' id='word_1_197' title='bbox 877 1453 1072 1493; x_wconf 84' lang='lat' dir='ltr'>Castrum</span> <span class='ocrx_word' id='word_1_198' title='bbox 1094 1461 1285 1495; x_wconf 90' lang='lat' dir='ltr'>nostrum</span> <span class='ocrx_word' id='word_1_199' title='bbox 1309 1454 1601 1498; x_wconf 87' lang='lat' dir='ltr'>Dunelmense</span> 
     </span>
     <span class='ocr_line' id='line_1_24' title="bbox 69 1509 1603 1565; baseline 0.003 -13"><span class='ocrx_word' id='word_1_200' title='bbox 69 1510 281 1560; x_wconf 89' lang='lat' dir='ltr'>fodendis,</span> <span class='ocrx_word' id='word_1_201' title='bbox 319 1509 522 1559; x_wconf 87' lang='lat' dir='ltr'>veiendis,</span> <span class='ocrx_word' id='word_1_202' title='bbox 554 1509 777 1559; x_wconf 79' lang='lat' dir='ltr'>cariandis‚</span> <span class='ocrx_word' id='word_1_203' title='bbox 802 1510 1050 1564; x_wconf 87' lang='lat' dir='ltr'>reparandis</span> <span class='ocrx_word' id='word_1_204' title='bbox 1073 1519 1116 1551; x_wconf 87' lang='lat' dir='ltr'>et</span> <span class='ocrx_word' id='word_1_205' title='bbox 1137 1513 1473 1565; x_wconf 85' lang='lat' dir='ltr'>manutenendis,</span> <span class='ocrx_word' id='word_1_206' title='bbox 1503 1530 1603 1557; x_wconf 89' lang='lat' dir='ltr'>nec-</span> 
     </span>
     <span class='ocr_line' id='line_1_25' title="bbox 70 1567 1604 1624; baseline 0.003 -14"><span class='ocrx_word' id='word_1_207' title='bbox 70 1584 159 1610; x_wconf 90' lang='lat' dir='ltr'>non</span> <span class='ocrx_word' id='word_1_208' title='bbox 180 1583 258 1624; x_wconf 91' lang='lat' dir='ltr'>pro</span> <span class='ocrx_word' id='word_1_209' title='bbox 281 1568 397 1623; x_wconf 91' lang='lat' dir='ltr'>equis</span> <span class='ocrx_word' id='word_1_210' title='bbox 420 1568 575 1609; x_wconf 90' lang='lat' dir='ltr'>nostris</span> <span class='ocrx_word' id='word_1_211' title='bbox 607 1582 654 1608; x_wconf 85' lang='lat' dir='ltr'>ac</span> <span class='ocrx_word' id='word_1_212' title='bbox 672 1567 948 1609; x_wconf 89' lang='lat' dir='ltr'>serviencium</span> <span class='ocrx_word' id='word_1_213' title='bbox 970 1577 1209 1610; x_wconf 88' lang='lat' dir='ltr'>nostrorum</span> <span class='ocrx_word' id='word_1_214' title='bbox 1230 1571 1531 1624; x_wconf 82' lang='lat' dir='ltr'>praedictorum</span> <span class='ocrx_word' id='word_1_215' title='bbox 1553 1588 1604 1615; x_wconf 88' lang='lat' dir='ltr'>ac</span> 
     </span>
     <span class='ocr_line' id='line_1_26' title="bbox 72 1625 1606 1687; baseline 0.003 -19"><span class='ocrx_word' id='word_1_216' title='bbox 72 1628 251 1669; x_wconf 86' lang='lat' dir='ltr'>aliorum</span> <span class='ocrx_word' id='word_1_217' title='bbox 273 1625 604 1668; x_wconf 87' lang='lat' dir='ltr'>inhabitancium</span> <span class='ocrx_word' id='word_1_218' title='bbox 625 1625 735 1667; x_wconf 85' lang='lat' dir='ltr'>infra</span> <span class='ocrx_word' id='word_1_219' title='bbox 755 1640 896 1667; x_wconf 91' lang='lat' dir='ltr'>muros</span> <span class='ocrx_word' id='word_1_220' title='bbox 915 1627 1039 1668; x_wconf 85' lang='lat' dir='ltr'>castri</span> <span class='ocrx_word' id='word_1_221' title='bbox 1060 1628 1193 1667; x_wconf 89' lang='lat' dir='ltr'>nostri</span> <span class='ocrx_word' id='word_1_222' title='bbox 1213 1628 1407 1683; x_wconf 82' lang='lat' dir='ltr'>praedicti</span> <span class='ocrx_word' id='word_1_223' title='bbox 1429 1630 1472 1671; x_wconf 92' lang='lat' dir='ltr'>in</span> <span class='ocrx_word' id='word_1_224' title='bbox 1495 1646 1606 1687; x_wconf 89' lang='lat' dir='ltr'>aqua</span> 
     </span>
     <span class='ocr_line' id='line_1_27' title="bbox 72 1683 1606 1745; baseline 0.003 -19"><span class='ocrx_word' id='word_1_225' title='bbox 72 1684 280 1741; x_wconf 79' lang='lat' dir='ltr'>praedicta</span> <span class='ocrx_word' id='word_1_226' title='bbox 312 1684 367 1726; x_wconf 86' lang='lat' dir='ltr'>ad</span> <span class='ocrx_word' id='word_1_227' title='bbox 400 1683 568 1725; x_wconf 90' lang='lat' dir='ltr'>libitum</span> <span class='ocrx_word' id='word_1_228' title='bbox 604 1692 809 1734; x_wconf 88' lang='lat' dir='ltr'>nostrum,</span> <span class='ocrx_word' id='word_1_229' title='bbox 832 1699 881 1726; x_wconf 89' lang='lat' dir='ltr'>ac</span> <span class='ocrx_word' id='word_1_230' title='bbox 917 1685 973 1725; x_wconf 89' lang='lat' dir='ltr'>ad</span> <span class='ocrx_word' id='word_1_231' title='bbox 1005 1684 1171 1726; x_wconf 88' lang='lat' dir='ltr'>libitum</span> <span class='ocrx_word' id='word_1_232' title='bbox 1204 1701 1363 1738; x_wconf 89' lang='lat' dir='ltr'>eorum,</span> <span class='ocrx_word' id='word_1_233' title='bbox 1391 1688 1606 1745; x_wconf 86' lang='lat' dir='ltr'>adaquan-</span> 
     </span>
     <span class='ocr_line' id='line_1_28' title="bbox 74 1741 1604 1798; baseline 0.003 -14"><span class='ocrx_word' id='word_1_234' title='bbox 74 1744 190 1793; x_wconf 88' lang='lat' dir='ltr'>dum,</span> <span class='ocrx_word' id='word_1_235' title='bbox 229 1742 389 1784; x_wconf 89' lang='lat' dir='ltr'>tociens</span> <span class='ocrx_word' id='word_1_236' title='bbox 423 1741 625 1798; x_wconf 89' lang='lat' dir='ltr'>quociens</span> <span class='ocrx_word' id='word_1_237' title='bbox 662 1743 784 1783; x_wconf 88' lang='lat' dir='ltr'>nobis</span> <span class='ocrx_word' id='word_1_238' title='bbox 816 1751 860 1784; x_wconf 88' lang='lat' dir='ltr'>et</span> <span class='ocrx_word' id='word_1_239' title='bbox 891 1743 1204 1784; x_wconf 87' lang='lat' dir='ltr'>successoribus</span> <span class='ocrx_word' id='word_1_240' title='bbox 1244 1745 1397 1788; x_wconf 88' lang='lat' dir='ltr'>nostris</span> <span class='ocrx_word' id='word_1_241' title='bbox 1433 1761 1481 1788; x_wconf 89' lang='lat' dir='ltr'>ac</span> <span class='ocrx_word' id='word_1_242' title='bbox 1514 1747 1604 1788; x_wconf 88' lang='lat' dir='ltr'>aliis</span> 
     </span>
     <span class='ocr_line' id='line_1_29' title="bbox 75 1799 1608 1860; baseline 0.003 -18"><span class='ocrx_word' id='word_1_243' title='bbox 75 1800 409 1842; x_wconf 84' lang='lat' dir='ltr'>inhabitantibus</span> <span class='ocrx_word' id='word_1_244' title='bbox 446 1799 659 1841; x_wconf 90' lang='lat' dir='ltr'>videbitur</span> <span class='ocrx_word' id='word_1_245' title='bbox 698 1800 789 1841; x_wconf 90' lang='lat' dir='ltr'>fore</span> <span class='ocrx_word' id='word_1_246' title='bbox 829 1799 1079 1856; x_wconf 87' lang='lat' dir='ltr'>expediens.</span> <span class='ocrx_word' id='word_1_247' title='bbox 1145 1801 1210 1842; x_wconf 87' lang='lat' dir='ltr'>Eo</span> <span class='ocrx_word' id='word_1_248' title='bbox 1251 1803 1366 1858; x_wconf 90' lang='lat' dir='ltr'>quod</span> <span class='ocrx_word' id='word_1_249' title='bbox 1406 1819 1608 1860; x_wconf 85' lang='lat' dir='ltr'>expressa</span> 
     </span>
     <span class='ocr_line' id='line_1_30' title="bbox 74 1857 1608 1915; baseline 0.002 -14"><span class='ocrx_word' id='word_1_250' title='bbox 74 1859 246 1901; x_wconf 87' lang='lat' dir='ltr'>mencio</span> <span class='ocrx_word' id='word_1_251' title='bbox 282 1858 335 1900; x_wconf 92' lang='lat' dir='ltr'>de</span> <span class='ocrx_word' id='word_1_252' title='bbox 357 1873 456 1899; x_wconf 90' lang='lat' dir='ltr'>vero</span> <span class='ocrx_word' id='word_1_253' title='bbox 478 1857 620 1899; x_wconf 84' lang='lat' dir='ltr'>valore</span> <span class='ocrx_word' id='word_1_254' title='bbox 643 1873 801 1909; x_wconf 88' lang='lat' dir='ltr'>annuo,</span> <span class='ocrx_word' id='word_1_255' title='bbox 824 1868 898 1900; x_wconf 86' lang='lat' dir='ltr'>aut</span> <span class='ocrx_word' id='word_1_256' title='bbox 918 1859 972 1900; x_wconf 88' lang='lat' dir='ltr'>de</span> <span class='ocrx_word' id='word_1_257' title='bbox 994 1859 1137 1915; x_wconf 87' lang='lat' dir='ltr'>aliquo</span> <span class='ocrx_word' id='word_1_258' title='bbox 1159 1859 1242 1901; x_wconf 88' lang='lat' dir='ltr'>alio</span> <span class='ocrx_word' id='word_1_259' title='bbox 1264 1861 1407 1903; x_wconf 86' lang='lat' dir='ltr'>valore</span> <span class='ocrx_word' id='word_1_260' title='bbox 1431 1863 1497 1904; x_wconf 92' lang='lat' dir='ltr'>vel</span> <span class='ocrx_word' id='word_1_261' title='bbox 1518 1878 1608 1904; x_wconf 87' lang='lat' dir='ltr'>cer-</span> 
     </span>
     <span class='ocr_line' id='line_1_31' title="bbox 75 1915 1609 1973; baseline 0.002 -14"><span class='ocrx_word' id='word_1_262' title='bbox 75 1916 259 1959; x_wconf 87' lang='lat' dir='ltr'>titudine</span> <span class='ocrx_word' id='word_1_263' title='bbox 295 1917 623 1972; x_wconf 86' lang='lat' dir='ltr'>praemissorum,</span> <span class='ocrx_word' id='word_1_264' title='bbox 661 1931 736 1957; x_wconf 89' lang='lat' dir='ltr'>seu</span> <span class='ocrx_word' id='word_1_265' title='bbox 772 1931 919 1958; x_wconf 86' lang='lat' dir='ltr'>eorum</span> <span class='ocrx_word' id='word_1_266' title='bbox 955 1915 1145 1973; x_wconf 87' lang='lat' dir='ltr'>alicujus,</span> <span class='ocrx_word' id='word_1_267' title='bbox 1179 1927 1254 1960; x_wconf 84' lang='lat' dir='ltr'>aut</span> <span class='ocrx_word' id='word_1_268' title='bbox 1281 1918 1334 1960; x_wconf 88' lang='lat' dir='ltr'>de</span> <span class='ocrx_word' id='word_1_269' title='bbox 1366 1920 1455 1962; x_wconf 88' lang='lat' dir='ltr'>aliis</span> <span class='ocrx_word' id='word_1_270' title='bbox 1486 1921 1609 1962; x_wconf 87' lang='lat' dir='ltr'>donis</span> 
     </span>
     <span class='ocr_line' id='line_1_32' title="bbox 76 1974 1608 2030; baseline 0.003 -14"><span class='ocrx_word' id='word_1_271' title='bbox 76 1975 164 2016; x_wconf 89' lang='lat' dir='ltr'>sive</span> <span class='ocrx_word' id='word_1_272' title='bbox 197 1974 538 2016; x_wconf 87' lang='lat' dir='ltr'>concessionibus</span> <span class='ocrx_word' id='word_1_273' title='bbox 571 1989 647 2029; x_wconf 91' lang='lat' dir='ltr'>per</span> <span class='ocrx_word' id='word_1_274' title='bbox 667 1989 743 2016; x_wconf 89' lang='lat' dir='ltr'>nos</span> <span class='ocrx_word' id='word_1_275' title='bbox 764 1975 832 2016; x_wconf 84' lang='lat' dir='ltr'>vel</span> <span class='ocrx_word' id='word_1_276' title='bbox 854 1975 1187 2030; x_wconf 81' lang='lat' dir='ltr'>praedecessores</span> <span class='ocrx_word' id='word_1_277' title='bbox 1209 1985 1376 2019; x_wconf 90' lang='lat' dir='ltr'>nostros</span> <span class='ocrx_word' id='word_1_278' title='bbox 1397 1987 1494 2020; x_wconf 88' lang='lat' dir='ltr'>ante</span> <span class='ocrx_word' id='word_1_279' title='bbox 1516 1978 1608 2021; x_wconf 84' lang='lat' dir='ltr'>haec</span> 
     </span>
     <span class='ocr_line' id='line_1_33' title="bbox 78 2031 1609 2091; baseline 0.002 -16"><span class='ocrx_word' id='word_1_280' title='bbox 78 2042 273 2088; x_wconf 89' lang='lat' dir='ltr'>tempora</span> <span class='ocrx_word' id='word_1_281' title='bbox 313 2032 498 2088; x_wconf 83' lang='lat' dir='ltr'>praefatis</span> <span class='ocrx_word' id='word_1_282' title='bbox 542 2031 682 2074; x_wconf 87' lang='lat' dir='ltr'>Priori</span> <span class='ocrx_word' id='word_1_283' title='bbox 722 2041 767 2074; x_wconf 88' lang='lat' dir='ltr'>et</span> <span class='ocrx_word' id='word_1_284' title='bbox 812 2034 1054 2075; x_wconf 89' lang='lat' dir='ltr'>Conventui</span> <span class='ocrx_word' id='word_1_285' title='bbox 1085 2033 1207 2074; x_wconf 86' lang='lat' dir='ltr'>factis</span> <span class='ocrx_word' id='word_1_286' title='bbox 1244 2034 1287 2075; x_wconf 87' lang='lat' dir='ltr'>in</span> <span class='ocrx_word' id='word_1_287' title='bbox 1327 2037 1609 2091; x_wconf 83' lang='lat' dir='ltr'>praesentibus</span> 
     </span>
     <span class='ocr_line' id='line_1_34' title="bbox 78 2089 1611 2149; baseline 0.002 -16"><span class='ocrx_word' id='word_1_288' title='bbox 78 2090 253 2133; x_wconf 90' lang='lat' dir='ltr'>minime</span> <span class='ocrx_word' id='word_1_289' title='bbox 280 2091 393 2132; x_wconf 88' lang='lat' dir='ltr'>facta</span> <span class='ocrx_word' id='word_1_290' title='bbox 427 2089 614 2132; x_wconf 84' lang='lat' dir='ltr'>existens</span> <span class='ocrx_word' id='word_1_291' title='bbox 650 2099 724 2132; x_wconf 91' lang='lat' dir='ltr'>aut</span> <span class='ocrx_word' id='word_1_292' title='bbox 760 2090 902 2147; x_wconf 85' lang='lat' dir='ltr'>aliquo</span> <span class='ocrx_word' id='word_1_293' title='bbox 935 2100 1033 2132; x_wconf 89' lang='lat' dir='ltr'>actu</span> <span class='ocrx_word' id='word_1_294' title='bbox 1064 2091 1339 2134; x_wconf 87' lang='lat' dir='ltr'>ordinacione</span> <span class='ocrx_word' id='word_1_295' title='bbox 1370 2094 1611 2149; x_wconf 86' lang='lat' dir='ltr'>provisione</span> 
     </span>
     <span class='ocr_line' id='line_1_35' title="bbox 80 2148 1609 2204; baseline 0.003 -14"><span class='ocrx_word' id='word_1_296' title='bbox 80 2148 258 2199; x_wconf 83' lang='lat' dir='ltr'>materia</span> <span class='ocrx_word' id='word_1_297' title='bbox 280 2149 345 2189; x_wconf 90' lang='lat' dir='ltr'>vel</span> <span class='ocrx_word' id='word_1_298' title='bbox 363 2163 486 2190; x_wconf 84' lang='lat' dir='ltr'>causa</span> <span class='ocrx_word' id='word_1_299' title='bbox 505 2163 770 2204; x_wconf 88' lang='lat' dir='ltr'>quacumque</span> <span class='ocrx_word' id='word_1_300' title='bbox 788 2148 832 2190; x_wconf 89' lang='lat' dir='ltr'>in</span> <span class='ocrx_word' id='word_1_301' title='bbox 846 2148 1103 2190; x_wconf 86' lang='lat' dir='ltr'>contrarium</span> <span class='ocrx_word' id='word_1_302' title='bbox 1119 2150 1220 2191; x_wconf 91' lang='lat' dir='ltr'>inde</span> <span class='ocrx_word' id='word_1_303' title='bbox 1242 2150 1381 2202; x_wconf 89' lang='lat' dir='ltr'>editis,</span> <span class='ocrx_word' id='word_1_304' title='bbox 1404 2152 1609 2194; x_wconf 81' lang='lat' dir='ltr'>ordinatis</span> 
     </span>
     <span class='ocr_line' id='line_1_36' title="bbox 81 2206 1612 2261; baseline 0.001 -13"><span class='ocrx_word' id='word_1_305' title='bbox 81 2222 153 2248; x_wconf 89' lang='lat' dir='ltr'>seu</span> <span class='ocrx_word' id='word_1_306' title='bbox 189 2206 380 2261; x_wconf 82' lang='lat' dir='ltr'>provisiS,</span> <span class='ocrx_word' id='word_1_307' title='bbox 417 2220 503 2246; x_wconf 91' lang='lat' dir='ltr'>non</span> <span class='ocrx_word' id='word_1_308' title='bbox 539 2206 816 2247; x_wconf 87' lang='lat' dir='ltr'>obstantibus.</span> <span class='ocrx_word' id='word_1_309' title='bbox 879 2206 929 2247; x_wconf 93' lang='lat' dir='ltr'>In</span> <span class='ocrx_word' id='word_1_310' title='bbox 967 2207 1085 2261; x_wconf 87' lang='lat' dir='ltr'>cujus</span> <span class='ocrx_word' id='word_1_311' title='bbox 1118 2207 1180 2248; x_wconf 88' lang='lat' dir='ltr'>rei</span> <span class='ocrx_word' id='word_1_312' title='bbox 1212 2209 1499 2250; x_wconf 85' lang='lat' dir='ltr'>testimonium</span> <span class='ocrx_word' id='word_1_313' title='bbox 1536 2210 1612 2251; x_wconf 87' lang='lat' dir='ltr'>has</span> 
     </span>
     <span class='ocr_line' id='line_1_37' title="bbox 81 2261 1611 2318; baseline 0.002 -13"><span class='ocrx_word' id='word_1_314' title='bbox 81 2265 226 2305; x_wconf 85' lang='lat' dir='ltr'>literas</span> <span class='ocrx_word' id='word_1_315' title='bbox 263 2272 425 2305; x_wconf 84' lang='lat' dir='ltr'>nostras</span> <span class='ocrx_word' id='word_1_316' title='bbox 456 2261 548 2303; x_wconf 89' lang='lat' dir='ltr'>fieri</span> <span class='ocrx_word' id='word_1_317' title='bbox 579 2262 756 2304; x_wconf 88' lang='lat' dir='ltr'>fecimus</span> <span class='ocrx_word' id='word_1_318' title='bbox 777 2271 982 2318; x_wconf 89' lang='lat' dir='ltr'>patentes.</span> <span class='ocrx_word' id='word_1_319' title='bbox 1046 2264 1175 2305; x_wconf 89' lang='lat' dir='ltr'>Teste</span> <span class='ocrx_word' id='word_1_320' title='bbox 1196 2264 1391 2308; x_wconf 87' lang='lat' dir='ltr'>Johanne</span> <span class='ocrx_word' id='word_1_321' title='bbox 1414 2266 1611 2308; x_wconf 88' lang='lat' dir='ltr'>Withers</span> 
     </span>
    </p>
   </div>
   <div class='ocr_carea' id='block_1_3' title="bbox 84 2319 1611 2434">
    <p class='ocr_par' dir='ltr' id='par_1_3' title="bbox 84 2319 1611 2434">
     <span class='ocr_line' id='line_1_38' title="bbox 84 2319 1611 2375; baseline 0.003 -13"><span class='ocrx_word' id='word_1_322' title='bbox 84 2320 253 2371; x_wconf 80' lang='lat' dir='ltr'>clerico,</span> <span class='ocrx_word' id='word_1_323' title='bbox 292 2319 557 2362; x_wconf 85' lang='lat' dir='ltr'>Cancellario</span> <span class='ocrx_word' id='word_1_324' title='bbox 592 2328 740 2361; x_wconf 89' lang='lat' dir='ltr'>nostro</span> <span class='ocrx_word' id='word_1_325' title='bbox 772 2321 885 2375; x_wconf 87' lang='lat' dir='ltr'>apud</span> <span class='ocrx_word' id='word_1_326' title='bbox 914 2321 1192 2372; x_wconf 88' lang='lat' dir='ltr'>Dunelmum,</span> <span class='ocrx_word' id='word_1_327' title='bbox 1230 2323 1431 2367; x_wconf 89' lang='lat' dir='ltr'>vicesimo</span> <span class='ocrx_word' id='word_1_328' title='bbox 1460 2334 1611 2367; x_wconf 86' lang='lat' dir='ltr'>octavo</span> 
     </span>
     <span class='ocr_line' id='line_1_39' title="bbox 86 2377 1209 2434; baseline 0.001 -13"><span class='ocrx_word' id='word_1_329' title='bbox 86 2379 154 2422; x_wconf 87' lang='lat' dir='ltr'>die</span> <span class='ocrx_word' id='word_1_330' title='bbox 180 2379 453 2434; x_wconf 77' lang='lat' dir='ltr'>Septembri5‚</span> <span class='ocrx_word' id='word_1_331' title='bbox 477 2392 591 2419; x_wconf 89' lang='lat' dir='ltr'>anno</span> <span class='ocrx_word' id='word_1_332' title='bbox 613 2377 884 2433; x_wconf 87' lang='lat' dir='ltr'>pontificatus</span> <span class='ocrx_word' id='word_1_333' title='bbox 905 2378 1037 2421; x_wconf 89' lang='lat' dir='ltr'>nostri</span> <span class='ocrx_word' id='word_1_334' title='bbox 1057 2378 1209 2434; x_wconf 86' lang='lat' dir='ltr'>primo.</span> 
     </span>
    </p>
   </div>
   <div class='ocr_carea' id='block_1_4' title="bbox 206 2435 938 2493">
    <p class='ocr_par' dir='ltr' id='par_1_4' title="bbox 206 2435 938 2493">
     <span class='ocr_line' id='line_1_40' title="bbox 206 2435 938 2493; baseline -0.001 -15"><span class='ocrx_word' id='word_1_335' title='bbox 206 2437 289 2478; x_wconf 86' lang='lat' dir='ltr'>Per</span> <span class='ocrx_word' id='word_1_336' title='bbox 310 2437 448 2493; x_wconf 88' lang='lat' dir='ltr'>ipsum</span> <span class='ocrx_word' id='word_1_337' title='bbox 470 2435 741 2492; x_wconf 90' lang='lat' dir='ltr'>Episcopum.</span> <span class='ocrx_word' id='word_1_338' title='bbox 766 2436 938 2478; x_wconf 85' lang='lat' dir='ltr'>Rakett.</span> 
     </span>
    </p>
   </div>
  </div>
 </body>
</html>
