1807 2962
431 74 724 117 GAUFRIDUS
762 80 828 113 DE
868 81 1233 114 commotum.
1541 69 1598 110 Qt

80 192 383 234 monachorum
416 203 458 234 et
480 206 621 234 rerum
655 187 975 243 dispositionem
1000 205 1094 232 cum
1131 190 1228 244 jure
1262 187 1443 230 Abbatis
1467 187 1613 243 exige-

79 260 156 294 ret.
227 250 335 298 Quae
359 265 455 291 cum
498 251 538 290 in
585 247 761 303 Synodo
803 249 1057 306 legerentur,
1097 248 1219 289 Prior
1261 245 1610 302 appellationem,

77 323 203 365 quam
227 307 483 364 jampridem
512 309 690 353 fecerat,
726 308 993 355 renovabat3
1027 317 1070 348 et
1103 322 1147 348 se
1179 305 1446 360 gradumque
1488 317 1611 342 suum

76 375 117 408 et
139 366 326 408 ecelesiae
360 374 520 408 statum
552 366 630 406 sub
677 365 943 417 protectione
976 364 1126 405 summi
1187 363 1404 404 Pontificis
1457 360 1613 402 consti-

76 433 210 474 tuens,
243 424 385 465 literas
409 424 498 465 illas
523 423 682 465 nullum
721 424 932 478 allegabat
954 423 1147 477 optinere
1182 423 1385 475 vigorem,
1422 420 1523 474 quia
1559 432 1613 458 ex

73 482 344 540 suggestione
375 482 465 522 falsi
489 481 762 536 apostolicam
781 481 1038 535 corrupisset
1060 480 1338 521 sanctitatem.
1401 476 1615 518 Fereban-

75 550 144 581 tur
165 550 376 595 praeterea
393 540 433 580 in
456 541 714 595 Episcopum
738 556 762 581 a
783 539 983 580 fratribus
1009 539 1138 579 verba
1155 537 1474 584 contumeliosa,
1508 550 1614 590 quo-

74 613 166 638 rum
189 597 481 655 exagitatione
516 599 768 648 stimulatus‚
807 597 1018 653 quendam
1056 597 1227 637 fratrem
1266 596 1419 636 baculo
1442 606 1614 648 percus-

74 655 206 706 sisset,
232 656 308 696 nisi
341 655 526 712 quidam,
563 658 730 712 objecta
764 670 903 705 manu,
928 654 1199 698 cohibuisset,
1266 653 1323 694 Et
1360 654 1419 693 ita
1441 650 1612 707 quidem

73 714 113 754 in
136 714 478 755 contentionibus
500 715 638 756 soluta
660 725 723 757 est
750 713 945 770 Synodus
969 713 1011 753 in
1034 713 1102 754 die
1126 713 1248 755 mala.

192 1022 286 1048 CAP.
326 1023 411 1048 xvl.
476 1022 532 1048 DE
568 1020 931 1054 GRAVAMINIBUS,
969 1016 1070 1050 Qt'AE
1106 1016 1350 1044 PHILIPPUS
1377 1012 1492 1040 DYN-

193 1079 449 1107 HELMENSIS
499 1080 745 1107 EPISCOPUS
799 1078 1032 1105 CONTULIT
1083 1075 1320 1103 MONACHts
1376 1072 1491 1099 DUX-

672 1136 1016 1164 HELMENSIBUS.

591 1250 683 1290 [MS.
711 1249 792 1290 Cap.
819 1246 992 1282 cxx111,f.
1021 1246 1111 1287 174]

135 1352 219 1394 Die
243 1353 435 1407 sequenti
459 1354 665 1406 rogabant
691 1352 854 1402 fratres,
894 1362 938 1392 ut
974 1351 1188 1391 libertates
1212 1348 1404 1389 eccles-ize
1428 1346 1608 1388 audiret,

76 1411 246 1453 Etcum
280 1425 335 1451 ex
379 1420 495 1464 parte
535 1411 654 1451 lectae
694 1411 883 1460 fuissent,
926 1410 1109 1450 clamore
1143 1422 1341 1461 rumpens
1380 1406 1606 1452 silentium,

72 1469 325 1525 prohibebat
356 1469 397 1509 in
421 1468 602 1510 lectione
641 1483 882 1524 processum
908 1484 917 1516 ;
961 1477 1001 1508 et
1025 1481 1212 1520 surgens,
1248 1480 1342 1505 cum
1368 1464 1507 1504 furore
1545 1477 1610 1502 re-

71 1527 219 1576 cessit3
256 1525 468 1581 ingentem
506 1527 703 1568 omuibus
741 1527 946 1568 incutiens
982 1535 1157 1573 metum,
1196 1539 1246 1563 ue
1277 1522 1418 1578 aliqua
1451 1536 1505 1561 ex
1544 1520 1605 1559 liis

75 1585 212 1626 Priori
235 1594 278 1625 et
315 1585 531 1626 monachis
553 1585 810 1627 detrimenta
831 1583 1117 1639 provenirent.
1182 1582 1425 1634 [Concussa
1456 1579 1495 1619 in
1533 1577 1610 1618 hiis

74 1642 397 1697 tempestatibus
421 1643 621 1691 ecclesia;
665 1652 706 1684 et
728 1644 844 1700 quasi
869 1644 910 1683 in
935 1641 1075 1682 medio
1099 1641 1199 1680 mari
1233 1639 1466 1679 fluctuante
1491 1637 1609 1677 Petri

73 1701 281 1750 navicula,
305 1700 489 1741 dormire
513 1702 766 1743 credebatur
799 1701 934 1749 Jesus,
967 1700 1065 1740 dum
1105 1698 1158 1739 ad
1196 1697 1424 1737 clamorem
1449 1710 1610 1750 paupe-

72 1773 166 1799 rum
187 1773 270 1799 uon
292 1769 496 1812 surgeret,
522 1775 658 1815 neque
683 1759 859 1814 imperio
881 1759 968 1813 ejus
993 1755 1273 1811 tranquillitas
1304 1755 1436 1797 fieret.
1508 1752 1610 1792 Erat

74 1827 174 1858 tunc
196 1832 280 1858 vox
302 1816 479 1857 fratrum
502 1818 777 1859 excitantium
811 1817 852 1857 in
881 1815 1144 1857 orationibus
1183 1813 1428 1854 Dominum.
1472 1818 1498 1836 ‘⁶
1519 1811 1609 1851 Do-

73 1874 200 1925 mine,
220 1875 335 1915 salva
359 1875 474 1924 nos,''
504 1876 577 1917 sed
602 1891 685 1916 non
708 1876 817 1916 adeo
854 1874 1021 1928 trepida
1045 1882 1090 1913 ut
1129 1872 1321 1912 dicerent
1346 1870 1607 1925 “pe1·imuS,’

77 1933 150 1973 sed
184 1939 276 1973 “ue
298 1935 558 1988 pcreamus.”
627 1934 822 1989 Cumque
861 1933 982 1973 Prior
1018 1931 1188 1971 vidisset
1217 1939 1388 1970 ventum
1422 1927 1608 1968 validum

73 1990 448 2031 comminationum
474 1992 724 2041 venientem,
749 2007 835 2032 nou
876 1989 1038 2038 timuit3
1078 1988 1152 2029 sed
1175 1988 1227 2028 de
1250 1988 1334 2028 fide
1366 1986 1543 2027 fratrum
1567 1994 1609 2026 et

74 2048 282 2090 soliditate
318 2050 434 2104 quasi
472 2049 843 2104 connavigantium
881 2057 1032 2096 certus,
1072 2062 1147 2087 nec.
1181 2044 1496 2086 subversionem
1529 2059 1608 2084 nec

74 2106 404 2148 submersionem
444 2118 650 2158 metuens,
691 2107 922 2164 quamlibet
959 2105 1255 2147 adversitatem
1290 2102 1515 2157 reputabat
1565 2101 1608 2141 in

73 2164 265 2217 gloriam,
290 2164 391 2205 dum
413 2165 640 2218 gloriosam
672 2181 749 2220 pro
772 2180 898 2206 causa
919 2163 1107 2205 ecclesiae
1138 2161 1325 2204 certandi
1362 2159 1610 2214 sumpsisset

75 2222 330 2278 materiam.]
397 2223 580 2264 Directis
616 2224 742 2277 igitur
769 2223 890 2264 Prior
921 2223 973 2264 ad
1004 2221 1159 2262 Sedem
1186 2217 1476 2274 Apostolicam
1499 2232 1608 2257 nun-

73 2279 159 2329 ciis,
184 2281 341 2321 curiam
373 2281 517 2336 Regis,
541 2281 712 2337 aliquod
733 2281 921 2322 futurum
944 2295 998 2320 ex
1020 2280 1136 2333 regia
1157 2277 1346 2318 bonitate
1384 2285 1608 2316 autumans

74 2337 293 2386 auxilium,
317 2338 445 2387 adiit3
465 2354 489 2379 a
510 2354 594 2395 quo
612 2349 653 2380 et
671 2340 854 2392 benigue
868 2346 1098 2392 susceptuS,
1124 2346 1165 2376 et
1188 2336 1226 2374 in
1245 2343 1405 2376 tantam
1429 2333 1608 2386 gratiam

74 2394 232 2435 accitus
264 2404 337 2444 est,
366 2397 481 2450 quod
504 2397 555 2438 ad
581 2398 826 2451 petitionem
850 2410 966 2436 suam
1006 2394 1241 2441 inclinatus,
1278 2391 1473 2432 dominus
1513 2390 1607 2430 Rex

74 2467 158 2493 non
183 2452 318 2492 solum
338 2452 551 2495 libertates
574 2454 760 2495 ecclesiae
783 2454 1065 2500 confirmaret,
1100 2464 1243 2491 verum
1267 2450 1391 2490 etiam
1415 2448 1523 2488 datis
1552 2449 1607 2488 ad

75 2524 247 2550 omnem
270 2509 607 2552 vicecomitatum
634 2509 775 2559 literis,
800 2526 870 2551 eas
893 2509 1060 2564 publice
1090 2507 1225 2548 audiri
1262 2517 1303 2547 et
1334 2505 1510 2546 firmiter
1532 2506 1606 2545 ob-

77 2566 234 2608 servari
272 2568 531 2622 praeciperet.
611 2569 848 2623 Episcopus
886 2583 985 2608 vero
1026 2567 1185 2619 Regem
1221 2564 1398 2619 pecunia
1434 2564 1605 2604 flectere

77 2625 359 2674 moliebatur3
395 2626 500 2681 [se(l,
540 2625 650 2668 sicut
685 2627 886 2680 scriptum
919 2635 994 2674 est,
1026 2623 1278 2663 “Dominus
1300 2636 1477 2662 munera
1500 2622 1607 2663 Abel

78 2691 292 2735 gratanter
315 2683 493 2738 accepit,
518 2693 560 2725 et
582 2684 634 2725 ad
659 2699 831 2724 munera
855 2683 1020 2739 Caym,x
1035 2681 1134 2721 licet
1158 2681 1277 2735 plura
1299 2679 1487 2728 fument,
1522 2694 1606 2719 uon

79 2740 307 2795 respexit]
378 2742 482 2783 Haec
507 2757 609 2797 ergo
630 2742 795 2798 majoris
820 2741 903 2782 odii
928 2740 1116 2782 {iimitem
1142 2738 1445 2781 ministrabant.
1488 2737 1608 2793 Epis-
