1807 2962
480 78 758 112 APPENDIX.
788 75 907 107 ANN.
937 74 1124 106 mcccc.
1428 57 1594 104 clxxxv

183 378 323 409 CLXII.
378 377 627 405 ARRAIATIO
672 377 814 404 FACTA
855 376 1002 404 SUPER
1044 375 1212 404 MORAM
1260 376 1294 403 S.
1333 374 1482 403 EGIDII

182 438 292 467 XXIV
327 436 407 464 DIE
442 435 607 463 MARTII
646 435 771 463 ANNO
805 435 949 463 REGNI
984 435 1117 462 REGIS
1148 434 1347 462 HENRICI
1383 434 1426 460 IV
1450 426 1485 460 1⁰

186 497 243 524 ET
279 494 464 523 CHRISTI
498 494 665 530 MCCCC,
701 493 792 520 PER
835 493 1237 520 COMMISSISSARIOS
1269 492 1371 522 REV.
1409 492 1486 519 PA-

186 553 316 582 TREM
374 552 588 580 PRIOREM
661 551 870 579 DUNELM.
915 551 1198 579 OFFICIALEM
1275 550 1486 578 DUNELM.

189 610 523 641 CONSTABULAR
556 610 769 637 DUNELM.
803 609 1057 637 RECTOREM
1110 610 1168 636 DE
1218 609 1487 636 WERMOUTH

187 669 412 698 DECANUM
451 669 509 696 DE
544 668 878 696 LANGCHESTER
912 668 1247 695 COMMISSARIOS
1285 668 1342 694 AD
1365 668 1490 695 PRAE-

188 727 364 755 DICTAM
408 726 763 754 ARRAIATIONEM
805 726 1072 753 FACIENDAM
1111 726 1393 761 DEPUTATOS,
1430 726 1489 753 UT

189 786 334 814 PATET
357 786 447 814 PER
467 784 888 813 COMMISSISSIONEM
905 785 1075 812 EISDEM
1099 785 1273 812 EXINDE
1293 784 1489 816 FACTAM,

664 878 737 920 [Ex
756 878 850 922 Orig.
870 878 950 911 Loc.
972 880 1038 922 194

137 973 298 1014 Rector
320 971 373 1012 de
399 970 592 1025 Stanhop
610 985 708 1012 cum
729 986 815 1012 una
839 970 1025 1023 Lancea,
1050 979 1093 1014 et
1111 989 1196 1016 uno
1223 976 1396 1019 Hobler
1416 987 1459 1022 et
1476 981 1610 1024 tribus

81 1030 254 1087 Sagittis
276 1038 507 1084 comparet.

137 1090 296 1130 Rector
318 1088 371 1129 (16
397 1086 700 1144 Wolsingham
731 1102 826 1128 cum
861 1103 945 1129 una
968 1088 1140 1131 Lancea
1172 1099 1214 1132 et
1236 1092 1279 1148 ij
1306 1094 1475 1151 Sagitiis
1498 1116 1613 1143 com-

77 1156 200 1204 paret
221 1146 371 1189 suffic‘.

139 1206 300 1246 Rector
318 1204 371 1245 de
395 1202 636 1258 Branspeth
659 1218 753 1244 cum
776 1203 818 1258 ij.
843 1203 976 1247 Lanc.
1002 1213 1045 1246 et
1067 1205 1140 1260 iiij.
1162 1222 1250 1249 non
1273 1223 1506 1267 comparet.

138 1263 341 1304 Deeanus
364 1261 417 1302 de
440 1261 642 1302 Aukland
660 1276 757 1302 cum
772 1261 845 1317 iiij.
872 1262 1003 1303 Lanc.
1023 1272 1065 1304 et
1087 1263 1174 1319 viij.
1201 1267 1376 1322 Sagittis
1399 1285 1617 1330 comparet

82 1321 206 1363 suffr.

140 1380 302 1420 Rector
333 1378 387 1419 de
428 1377 678 1435 Seggesfeld
700 1393 798 1419 cum
835 1378 1024 1435 quinque
1047 1380 1180 1423 Lanc.
1205 1391 1247 1424 et
1269 1384 1416 1428 decem
1442 1390 1617 1434 Sacrittis

84 1446 304 1491 comparet
324 1436 440 1477 suffr.
1498 1426 1525 1449 ζ’

138 1494 333 1537 Vicarius
355 1495 409 1536 de
435 1492 602 1534 Kellow
632 1493 837 1534 arraiatus
863 1508 961 1535 cum
986 1495 1020 1550 j.
1044 1495 1176 1541 Lane.
1201 1507 1241 1540 et
1256 1500 1289 1556 j.
1319 1502 1485 1558 Sagitta
1505 1522 1622 1551 com-

114 1563 205 1595 aret
226 1553 344 1594 suffr.

83 1570 110 1610 p
149 1612 309 1652 Rector
352 1611 395 1653 S.
436 1609 636 1650 Nicholai
672 1609 717 1650 in
746 1609 949 1652 Dunelm.
983 1625 1078 1652 cum
1109 1613 1144 1668 j.
1172 1614 1305 1659 Lanc.
1328 1628 1370 1661 et
1392 1621 1417 1676 ij
1445 1623 1620 1679 Sagittis

87 1678 303 1723 comparet
326 1667 442 1708 suff‘.

150 1726 344 1768 vicarius
371 1727 414 1767 S.
438 1724 627 1766 Oswaldi
649 1740 744 1766 cum
767 1725 793 1782 ij
814 1726 1003 1780 Sagittis,

147 1786 356 1826 Rectores
378 1783 432 1824 de
459 1783 602 1823 Balliis
625 1783 733 1824 alter
755 1799 902 1824 eorum
925 1799 1019 1825 cum
1036 1785 1070 1840 3.
1101 1786 1269 1842 Sagitta
1288 1793 1405 1839 suffr,

150 1842 360 1897 Magister
381 1842 434 1882 de
459 1841 731 1897 Schy1·burne
749 1850 952 1882 oneratur
974 1858 1075 1884 sane
1098 1846 1214 1891 suffr.

150 1901 313 1942 Rector
335 1900 387 1941 de
412 1899 589 1954 Elwyke
611 1914 707 1940 cum
722 1899 755 1954 j.
782 1900 916 1943 Lanc.
941 1908 985 1941 et
1006 1902 1047 1957 ij.
1074 1903 1249 1958 Sagittis
1271 1909 1389 1953 suffr.

152 1958 364 2013 Magister
385 1957 438 1998 de
463 1957 673 1998 Gretham
696 1967 743 1998 ut
765 1972 904 2012 supra.

151 2015 362 2070 Magister
383 2016 436 2056 (16
463 2014 628 2070 Kypier
650 2030 745 2056 cum
760 2017 793 2071 3.
818 2016 950 2057 Lanc.
974 2024 1015 2057 et
1038 2016 1079 2072 ij.
1106 2020 1259 2075 Sagitt.
1282 2024 1398 2066 suffr,

155 2073 348 2115 Viearius
367 2073 419 2114 de
444 2074 649 2114 Stranton
671 2088 768 2114 cum
782 2073 814 2128 3.
840 2074 974 2118 Lanc.
999 2084 1042 2116 et
1064 2075 1105 2132 ij.
1131 2079 1284 2133 Sagitt.
1309 2083 1424 2125 suff.

149 2131 343 2172 Vicarius
366 2130 418 2172 de
445 2130 688 2187 Hertylpull
710 2146 804 2172 cum
821 2131 854 2185 j.
880 2131 1013 2176 Lanc.
1039 2143 1080 2174 et
1103 2136 1144 2190 ij
1172 2138 1326 2194 Sag-itt,
1351 2143 1469 2184 suffr,

152 2189 345 2230 Vical·ius
368 2189 421 2229 de
447 2188 668 2243 Hesylden
689 2203 783 2229 cum
799 2189 833 2243 3.
860 2190 1013 2243 Sagitt.
1036 2193 1292 2237 sufficienter
1308 2211 1539 2255 comparet,

157 2246 321 2287 Rector
342 2246 396 2286 (16
422 2246 645 2300 Esyngton
667 2256 868 2287 oneratur
890 2248 1128 2292 sufficientr.

156 2304 319 2345 Rector
341 2304 394 2344 de
420 2303 574 2344 Seham
597 2318 692 2343 cum
708 2304 741 2357 3.
772 2304 992 2345 Hobbeler
1013 2316 1056 2346 et
1071 2309 1105 2361 j.
1131 2308 1297 2364 Sagitta
1319 2314 1555 2357 sufficient&

156 2361 320 2403 Rector
341 2361 396 2403 de
424 2360 679 2401 Wermowth
704 2361 904 2416 Episcopi
925 2376 1021 2403 cum
1053 2364 1113 2419 iij.
1138 2366 1271 2410 Lanc.
1303 2380 1347 2411 et
1369 2373 1426 2426 vj.
1457 2374 1629 2431 Sagittis

95 2419 214 2460 suffr.

158 2477 325 2518 Rector
345 2477 399 2518 de
424 2474 632 2539 H‹›ghton
654 2490 749 2516 cum
772 2474 829 2531 iij.
860 2476 991 2538 Lanc.
1014 2486 1058 2520 et
1080 2480 1133 2534 vj.
1160 2482 1312 2539 sagitt.
1334 2487 1450 2532 suffr,

160 2534 357 2576 Vicarius
379 2534 432 2575 de
457 2533 707 2598 P1tt1ng·d0r.1
730 2548 825 2574 cum
843 2535 875 2589 j.
902 2534 1034 2586 Lanc,
1059 2546 1101 2578 et
1116 2538 1151 2592 3.
1176 2540 1328 2598 Sagitt.
1351 2546 1469 2590 suffr.

154 2592 358 2634 Decanus
392 2591 446 2633 de
487 2591 654 2633 Cestna
689 2607 732 2632 ln
773 2592 917 2634 Strata
951 2609 1047 2635 cum
1078 2596 1112 2650 3.
1151 2597 1285 2642 Lanc.
1320 2610 1364 2643 et
1395 2603 1452 2658 iij.
1477 2605 1630 2662 Sagitt‚

100 2649 188 2691 suff
190 2655 216 2691 ¹.

159 2708 360 2750 Decanus
383 2707 436 2748 de
463 2707 760 2763 Langchestyr
781 2710 928 2764 cumj.
954 2709 1088 2755 Lanc.
1114 2720 1156 2753 et
1178 2713 1235 2770 iij,
1263 2716 1414 2770 Sagitt‚
1440 2721 1556 2762 suffr,

162 2766 323 2809 Rector
345 2766 398 2808 de
423 2766 570 2822 Ryton
593 2781 687 2808 cum
706 2767 738 2822 j.
766 2765 896 2809 Lanc.
922 2776 962 2810 et
986 2768 1027 2825 ij.
1060 2770 1213 2825 Sagitt.
1239 2775 1351 2816 suffr.
