1807 2962
186 91 337 140 cxxxii
508 105 641 137 HIST.
669 104 904 136 DUNELM.
933 102 1238 135 SCRIPTORES
1265 102 1405 133 TREs.

185 215 240 256 de
275 213 552 269 Blaykeston,
586 210 761 253 Thoma
793 212 848 253 de
888 213 1037 260 Seton,
1065 209 1195 251 Petro
1215 208 1269 250 de
1293 207 1577 258 Richemund,
1603 208 1720 250 Wil-

187 273 333 315 lielmo
375 271 558 313 sanford
591 270 759 320 clerico,
803 269 989 326 Hugone
1019 269 1073 310 de
1101 267 1302 308 Brandon
1325 275 1367 307 et
1388 266 1492 310 aliis.
1558 266 1720 307 Datum

188 332 233 372 in
266 330 455 385 capitulo
491 337 638 369 nostro
673 328 787 383 apud
827 327 1106 376 Dunolmum,
1139 326 1278 381 primo
1310 325 1380 366 die
1414 323 1582 375 Marcii,¹
1606 340 1721 366 anno

189 388 311 443 regni
333 389 444 442 regis
462 386 663 428 Edwardi
685 386 804 427 tercii
825 397 920 441 post
942 393 1220 440 conquestum
1239 382 1403 424 decimo
1424 397 1555 423 nono.
1756 428 1758 430 v

253 446 583 487 Memorandum
616 444 732 500 quod
764 443 832 484 die
865 442 1030 484 veneriS
1061 441 1256 496 proxime
1284 448 1381 496 post
1411 438 1567 481 festum
1600 440 1722 481 Dun-

193 504 301 546 stani
341 502 556 559 Episcopi,
596 517 710 543 anno
744 501 922 543 Domini
963 499 1183 541 millesimo
1227 504 1355 540 cccm⁰
1397 498 1722 555 quadragesimo

192 563 356 619 quinto,
392 560 604 603 emanavit
637 560 728 601 haec
765 559 910 616 quieta
945 558 1162 607 clamaciO,
1195 572 1272 612 pro
1294 572 1378 613 qua
1407 556 1641 611 recepimus
1663 569 1721 596 Χῖ,

192 635 367 671 marcaS,
391 620 431 661 in
457 619 682 661 utilitatem
704 618 855 660 domus
879 616 1179 658 Dunolmensis
1196 616 1517 658 convertendas.

314 930 426 960 exn.
463 929 836 957 INSTRUMENTUM
869 929 926 956 DE
960 928 1095 960 EQUIS
1127 925 1450 956 PORTANTIBUS
1485 926 1609 953 LITE-

393 988 489 1015 ΚΑΜ
524 988 580 1015 ΕΤ
613 987 855 1015 CAPELLAM
879 986 1102 1014 EPISCOPI.
1166 987 1205 1016 A.
1232 985 1274 1012 D.
1299 984 1528 1012 MCCCXLV·

832 1062 926 1105 [Lib.
943 1063 1096 1106 Sacrist.]

259 1143 308 1184 In
350 1142 433 1184 Dei
471 1142 643 1183 nomine
679 1139 1272 1196 Amen—Appareat—quod
1306 1154 1420 1180 anno
1452 1139 1505 1180 ab
1535 1138 1727 1187 incarna-

198 1202 315 1241 tione
341 1200 546 1241 Domini-
565 1213 699 1240 -Mccc
717 1198 1042 1254 quadragesimo
1060 1197 1337 1254 quinto—die
1355 1197 1554 1239 vicesima
1574 1197 1726 1238 mensis

202 1259 371 1313 Aprilis,
396 1258 437 1298 in
467 1257 547 1298 mei
570 1257 767 1312 Symonis
800 1256 853 1297 de
890 1256 1115 1313 Charryng
1136 1256 1285 1297 notarii
1309 1255 1465 1310 publici
1489 1265 1532 1296 et
1555 1257 1727 1297 testium

197 1316 428 1371 praesencia
450 1316 797 1370 subscriptorum,
818 1315 925 1356 infra
948 1314 1187 1356 Prioratum
1203 1313 1392 1355 ecclesiae
1409 1314 1725 1363 Dunelmensis,

197 1375 237 1415 in
260 1374 446 1430 quodam
466 1374 635 1415 stabulo
652 1375 763 1414 inter
795 1388 989 1427 magnam
1012 1383 1177 1428 portam
1201 1381 1244 1413 et
1265 1371 1482 1413 bracinum
1510 1371 1726 1412 Prioratus

197 1433 386 1488 ejusdem
423 1441 680 1482 constructo,
717 1431 971 1473 constitutus
1007 1430 1289 1486 personaliter
1319 1429 1569 1471 venerabilis
1600 1431 1663 1470 vir
1684 1439 1728 1470 et

197 1493 405 1532 discretus
427 1490 626 1545 magister
646 1490 860 1531 ,Iohannes
878 1490 931 1531 de
958 1489 1283 1545 Whytchyrche,
1305 1497 1447 1529 rector
1461 1487 1651 1531 ecclesiae
1673 1489 1727 1529 de

204 1549 463 1603 Seggeffeld,
508 1549 713 1590 Dunolm.
757 1548 896 1597 Dioc.,
938 1556 1214 1589 executorem
1259 1546 1524 1588 Testamenti
1566 1546 1729 1587 domini

201 1608 375 1648 Ricardi
397 1607 450 1648 de
475 1606 592 1662 Bury
629 1621 765 1662 nuper
803 1606 1003 1661 Episcopi
1029 1605 1234 1647 Dunolm.
1267 1619 1311 1645 se
1338 1604 1494 1653 dicens,
1532 1604 1728 1645 liberavit

199 1665 449 1706 executorio
468 1667 639 1705 nomine.
658 1664 914 1719 supradicto,
939 1674 986 1705 ut
1007 1664 1190 1713 dicebat,
1215 1672 1258 1704 et
1274 1663 1447 1704 tradidit
1464 1662 1583 1703 fratri
1607 1663 1730 1703 Wal-

198 1734 291 1765 tero
326 1724 556 1779 Gategang
592 1724 799 1764 monacho
828 1732 871 1764 et
906 1722 1092 1764 sacristae
1129 1721 1257 1777 ipsius
1289 1720 1476 1762 ecclesiae
1505 1721 1725 1771 Dunelm.,

197 1781 397 1836 praesenti
421 1791 521 1822 tunc
542 1782 714 1832 ibidem,
748 1781 856 1822 duos
879 1796 1008 1837 equos
1041 1795 1215 1834 magnos
1255 1779 1430 1834 griseos,
1455 1779 1525 1833 qui
1546 1779 1725 1829 literam,

198 1839 240 1879 in
262 1854 345 1895 qua
368 1839 544 1894 jacebat
574 1854 725 1894 corpus
748 1838 850 1879 dicti
872 1839 1032 1879 domini
1057 1837 1257 1893 Episcopi
1280 1848 1378 1878 tunc
1401 1837 1603 1887 defuncti,
1628 1852 1729 1891 por-

197 1898 346 1938 tabant
382 1898 436 1938 ad
472 1898 605 1951 ipsam
640 1897 859 1939 ecclesiam
895 1897 1117 1946 Dunolm.,
1149 1895 1441 1937 ecclesiasticae
1472 1895 1728 1936 tradendum

198 1954 356 1995 ibidem
377 1955 605 2009 sepulturae
623 1970 633 2003 3
666 1963 708 1995 et
730 1954 862 1995 eciam
884 1969 1014 1994 unum
1038 1969 1193 2010 equum
1215 1953 1392 2003 mulum,
1426 1953 1626 1994 videlicet
1655 1953 1727 2009 qui

198 2012 404 2067 capellam
442 2011 546 2052 dieti
582 2012 773 2053 defuncti
808 2012 863 2053 ad
896 2012 1116 2053 ecclesiam
1151 2012 1349 2066 portabat
1381 2011 1589 2060 eandem3
1621 2026 1727 2067 quos

199 2085 345 2110 omnes
370 2079 452 2110 tres
489 2085 618 2125 equos
650 2083 903 2111 memoratos
927 2070 1037 2111 idem
1059 2070 1258 2124 magister
1278 2069 1493 2111 Johannes
1516 2069 1728 2110 asserebat

198 2143 254 2168 ex
305 2128 611 2169 consuetudine
653 2128 819 2169 debitos
871 2144 958 2169 esse
1002 2128 1138 2169 Priori
1179 2137 1223 2168 et
1268 2127 1507 2169 Conventui
1539 2127 1727 2168 ecclesiae

200 2186 405 2229 Dunolm.
459 2186 683 2227 occasione
733 2186 989 2241 portacionis
1041 2195 1083 2227 et
1133 2186 1360 2240 sepulturae
1411 2185 1726 2240 praedictarum.

199 2243 486 2285 Praesentibus
509 2253 610 2285 tunc
632 2244 788 2286 ibidem
811 2244 985 2285 domino
1013 2244 1235 2285 willielmo
1259 2244 1467 2285 Picliecoc
1489 2243 1724 2297 capellano,

198 2317 247 2342 ac
273 2302 402 2343 Petro
423 2302 477 2343 de
502 2303 601 2355 Clif,
639 2303 810 2345 Thoma
841 2303 1166 2357 Brounesgrove
1188 2314 1231 2344 et
1258 2302 1482 2343 Willielmo
1507 2302 1622 2356 Page
1645 2310 1727 2343 tes-

199 2359 324 2401 tibus.
