1807 2962
205 100 370 149 lxxviii
529 115 664 149 H1sT.
693 118 929 150 DUNELM.
958 117 1265 150 SCRIPTORES
1291 118 1429 152 TREs.

326 421 398 450 Lx.
430 421 692 450 MANDATUM
725 418 1047 448 APOSTOLICUM
1081 418 1138 446 AD
1171 418 1493 449 RECIPIENDAM
1517 421 1616 449 CES-

636 478 810 507 SIONEM
833 478 1057 506 NICHOLAI
1082 477 1306 507 EPISCOPI.

828 557 933 601 [neg.
950 556 981 588 1.
996 554 1019 588 f.
1037 555 1110 596 44.]

269 637 546 679 Innocencius
557 636 806 692 Episcopus,
816 649 960 676 servus
974 649 1191 676 servorum
1205 633 1305 683 Dei,
1320 632 1627 675 venerabilibus
1647 633 1734 675 fra-

207 696 341 738 tribus
367 695 699 750 Archiepiscopo
725 694 984 735 Eboracensi
1006 705 1050 734 et
1074 690 1351 733 Londiniensi
1381 706 1429 732 ac
1456 691 1734 733 Bathoniensi

211 753 450 809 EpiscopiS,
468 753 648 794 salutem
670 760 712 793 et
735 751 1011 807 apostolicam
1025 749 1385 792 benediccionem.
1447 750 1575 803 Apex
1599 750 1735 804 Apos-

207 812 347 853 tolicae
362 811 578 866 dignitatis
594 826 670 851 nos
685 810 739 852 ad
757 809 1035 851 ministerium
1057 809 1257 865 injunctae
1278 806 1492 848 servitutis
1513 807 1730 858 attollens,

207 869 339 911 oculis
361 869 513 910 nostris
544 869 653 910 hanc
675 867 889 924 praecipue
920 867 1188 922 vigilanciam
1219 865 1399 907 intentae
1430 865 1733 919 speculacionis

206 928 369 978 indicit,
407 936 454 968 ut
499 926 885 982 circumspicientes
924 925 1121 981 undique,
1160 938 1288 980 quam
1329 923 1441 964 inter
1482 923 1733 978 fluctivagos

207 985 357 1027 mundi
392 1000 619 1026 concursus
640 986 825 1041 regimus
848 999 998 1025 navem
1040 982 1172 1032 Petri,
1199 982 1232 1023 si
1254 981 1356 1037 quid
1392 982 1435 1021 in
1471 980 1563 1035 ipsa
1583 981 1733 1037 fragile

209 1043 465 1099 apparuerit,
488 1044 556 1084 vel
577 1044 807 1092 infirmum,
832 1042 946 1097 quod
982 1041 1183 1083 adversus
1215 1049 1528 1094 tempestuosos
1549 1039 1733 1094 impetus

208 1102 349 1144 minus
383 1102 540 1151 valens,
573 1101 711 1142 aditus
744 1100 879 1155 possit
911 1115 1001 1140 esse
1033 1098 1224 1154 periculo
1265 1098 1308 1139 id
1339 1097 1509 1138 salutari
1544 1097 1734 1138 remedio

209 1160 462 1201 muniamus.
539 1159 649 1200 Sane
690 1157 943 1198 venerabilis
978 1157 1108 1198 frater
1144 1155 1441 1198 Dunelmensis
1481 1155 1732 1210 Episcopus,

207 1218 335 1273 longa
366 1217 692 1272 supportacione
724 1215 978 1270 pontificalis
1015 1215 1189 1256 sarcinae
1221 1213 1436 1270 fatigatuS,
1469 1228 1516 1254 ac
1551 1213 1734 1269 denique

207 1276 385 1318 affectus
421 1275 539 1316 senio
571 1283 613 1316 et
646 1273 869 1328 multiplici
901 1274 1107 1330 languore
1144 1272 1398 1322 confractus,
1436 1271 1628 1312 iminenti
1655 1271 1735 1312 sibi

208 1334 340 1384 oneri,
373 1342 421 1374 ut
453 1333 612 1383 asserit,
639 1332 728 1387 jam
752 1331 1015 1382 subcumbit3
1048 1330 1148 1387 quia
1173 1330 1354 1385 pondus,
1379 1329 1492 1386 quod
1517 1330 1569 1370 de
1592 1339 1734 1370 cetero

206 1393 357 1434 virium
374 1391 600 1432 deficiente
615 1392 760 1445 vigore
778 1389 878 1431 ferri
895 1405 980 1431 non
998 1388 1201 1445 praevalet
1219 1388 1274 1429 ad
1291 1388 1544 1442 profectum,
1563 1389 1734 1441 gravius

207 1450 408 1508 opprimit
439 1450 714 1505 inpotentem.
781 1448 887 1489 Inde
921 1456 999 1498 est,
1034 1447 1164 1503 quod,
1189 1446 1229 1487 in
1252 1445 1476 1487 commisso
1497 1445 1576 1486 sibi
1598 1445 1733 1499 plebis

206 1508 497 1570 gubernaculo
530 1507 748 1563 proprium
781 1515 825 1547 et
859 1506 1127 1547 subditorum
1160 1504 1427 1559 dispendium
1459 1502 1732 1551 reformidat3

207 1585 303 1611 cum
320 1568 410 1623 jam
433 1566 552 1623 quasi
573 1564 746 1622 naviget
766 1563 893 1605 scisso
910 1564 1021 1613 velo,
1040 1578 1117 1604 nec
1133 1577 1331 1619 reparare
1349 1560 1479 1616 possit
1496 1561 1548 1602 ad
1564 1576 1734 1602 cursum

209 1627 465 1670 tabescentis
500 1625 740 1681 fragmenta
761 1621 945 1677 navigii3
978 1620 1176 1677 reliquias
1210 1620 1410 1662 videlicet
1443 1628 1608 1660 naturae
1642 1634 1735 1660 cor-

206 1701 351 1744 poreae
385 1686 428 1725 in
465 1683 556 1738 ipso
592 1681 841 1723 naturaliter
873 1680 1134 1728 fatiscentis3
1166 1679 1279 1720 unde
1311 1679 1404 1719 zelo
1426 1676 1625 1727 caritatis,
1650 1692 1734 1733 qua

205 1761 307 1801 erga
342 1757 463 1786 suam
495 1739 717 1782 ecclesiam
750 1739 878 1781 etiam
910 1738 1164 1793 frigescente
1186 1752 1363 1792 corpore
1385 1736 1614 1785 incalescit,
1638 1750 1733 1790 quae

204 1805 382 1847 aliarum
418 1815 505 1842 non
538 1814 634 1855 quae
666 1799 838 1853 propria
874 1805 987 1847 sunt,
1014 1805 1063 1837 ut
1083 1796 1220 1837 bonus
1242 1803 1400 1850 pastor,
1424 1793 1610 1849 inquirit,
1632 1793 1734 1834 dum

204 1861 380 1918 provide
414 1857 616 1914 prospicit
650 1872 703 1897 ne
737 1855 800 1897 sui
820 1854 1036 1911 languoris
1058 1854 1346 1908 oportunitate
1368 1860 1538 1908 captata
1559 1866 1734 1905 gregem

206 1919 431 1961 insidiator
463 1915 648 1964 invadat,
681 1914 749 1954 vel
780 1912 968 1954 ecclesiae
991 1911 1149 1952 utilitas
1166 1926 1241 1965 per
1262 1909 1564 1964 dispensatoris
1585 1908 1734 1949 invali-

208 1977 401 2020 tudinem
429 1973 569 2014 valeat
599 1970 794 2026 deperire
813 1986 824 2018 3
857 1970 1015 2024 eligens
1036 1969 1179 2024 itaque
1215 1968 1433 2009 humiliter
1455 1968 1508 2008 de
1530 1966 1734 2021 regimine

207 2031 443 2092 pontificali
478 2030 751 2079 descendere,
789 2043 844 2068 ne
881 2041 956 2082 per
991 2026 1204 2068 defectum
1242 2026 1487 2080 hujusmodi
1521 2025 1733 2066 excellens

207 2091 382 2136 honoris
415 2088 619 2131 autoritas
653 2086 924 2141 deprimatur,
947 2084 1067 2126 nobis
1089 2099 1164 2139 per
1185 2084 1327 2125 literas
1350 2092 1391 2124 et
1415 2083 1614 2124 nuncium
1637 2097 1734 2124 cum

207 2149 415 2194 instancia
447 2145 699 2201 supplicavit
732 2153 777 2185 ut
811 2143 1040 2185 cessionem
1078 2142 1221 2198 ipsius,
1255 2141 1432 2182 volentis
1454 2141 1659 2195 premissa
1681 2141 1735 2182 de

207 2225 333 2253 cau-sa
365 2222 453 2249 non
486 2203 684 2259 dignitati
718 2202 945 2259 resignare,
969 2201 1043 2242 sed
1064 2201 1158 2241 loco
1180 2200 1310 2255 recipi
1333 2200 1580 2248 faceremus,
1603 2213 1688 2254 quo
1710 2213 1736 2240 a

207 2268 424 2311 laboribus
457 2262 647 2305 forcioris
679 2261 948 2317 exigentibus
982 2260 1180 2300 humeros
1216 2258 1434 2299 absolutus
1466 2257 1507 2298 in
1539 2267 1734 2298 extremo

208 2328 308 2368 vitae
331 2325 425 2367 ocio
447 2321 561 2379 quod
584 2321 765 2362 debetur
786 2317 969 2360 emeritis
992 2317 1174 2373 quietius
1197 2316 1404 2370 transigat
1425 2315 1733 2356 laboriosorum

208 2398 419 2428 annorum
450 2379 660 2422 residuam
697 2378 956 2432 porcionem.
1022 2375 1111 2416 Nos
1145 2375 1284 2429 igitur,
1321 2383 1408 2415 tam
1440 2372 1734 2414 commoditati

207 2443 397 2501 ejusdem
433 2437 619 2495 episcopi
651 2450 779 2492 quam
812 2433 1002 2476 ecclesiae
1038 2448 1126 2475 suae
1161 2434 1227 2473 cui
1260 2431 1529 2473 laudabiliter
1550 2429 1733 2485 praefuit,

205 2499 466 2558 profectibus
497 2495 721 2552 providere
753 2493 960 2542 volentes,
994 2490 1247 2532 fraternitati
1273 2498 1426 2530 vestrae
1448 2504 1525 2544 per
1550 2491 1735 2542 Aposto-

206 2561 289 2602 lica
325 2557 483 2611 scripta
513 2553 773 2601 mandamus,
796 2550 911 2606 quod
933 2565 958 2591 a
978 2550 1174 2604 proximo
1197 2548 1307 2589 sesto
1328 2546 1560 2588 nativitatis
1587 2545 1734 2588 Domi-

210 2618 319 2660 nicae
355 2630 485 2670 usque
522 2613 575 2653 ad
610 2611 722 2652 diem
759 2607 1078 2650 Purificacionis
1112 2608 1249 2648 beatae
1284 2605 1470 2662 Virginis
1505 2613 1598 2658 post
1630 2603 1735 2643 illud

208 2675 404 2730 proximo
426 2680 680 2718 secuturum,
704 2668 933 2708 cessionem
955 2664 1164 2719 recipiatis
1187 2663 1328 2719 ipsius,
1353 2671 1478 2717 prout
1501 2677 1592 2703 eam
1609 2661 1734 2702 obtu-

208 2734 256 2774 lit
292 2732 380 2772 vice
414 2738 582 2776 nostra3
619 2725 831 2780 assignata
851 2724 964 2779 prius
986 2723 1120 2764 eidem
1144 2723 1197 2764 de
1220 2721 1342 2763 bonis
1364 2720 1547 2775 episcopi
1571 2719 1739 2760 Dunel-

211 2790 361 2832 mensis
393 2786 627 2829 secundum
649 2783 873 2826 facultates
896 2781 1025 2837 ipsius
1048 2780 1288 2836 provisione
1309 2793 1497 2834 congrua
1519 2787 1560 2818 et
1583 2777 1736 2817 hones-
