<?xml version="1.0" encoding="UTF-8"?>
<!DOCTYPE html PUBLIC "-//W3C//DTD XHTML 1.0 Transitional//EN"
    "http://www.w3.org/TR/xhtml1/DTD/xhtml1-transitional.dtd">
<html xmlns="http://www.w3.org/1999/xhtml" xml:lang="en" lang="en">
 <head>
  <title>
</title>
<meta http-equiv="Content-Type" content="text/html;charset=utf-8" />
  <meta name='ocr-system' content='tesseract 3.04.00' />
  <meta name='ocr-capabilities' content='ocr_page ocr_carea ocr_par ocr_line ocrx_word'/>
</head>
<body>
  <div class='ocr_page' id='page_1' title='image "./historiaedunelme00gauf_0348.png"; bbox 0 0 1807 2962; ppageno 0'>
   <div class='ocr_carea' id='block_1_1' title="bbox 199 89 1407 143">
    <p class='ocr_par' dir='ltr' id='par_1_1' title="bbox 199 89 1407 143">
     <span class='ocr_line' id='line_1_1' title="bbox 199 89 1407 143; baseline 0.003 -4"><span class='ocrx_word' id='word_1_1' title='bbox 199 89 403 140; x_wconf 73' lang='lat' dir='ltr'>CXXXViii</span> <span class='ocrx_word' id='word_1_2' title='bbox 507 108 644 140; x_wconf 91' lang='lat' dir='ltr'><strong>HIST.</strong></span> <span class='ocrx_word' id='word_1_3' title='bbox 668 108 906 141; x_wconf 85' lang='lat' dir='ltr'><strong>DUNELM·</strong></span> <span class='ocrx_word' id='word_1_4' title='bbox 936 108 1244 142; x_wconf 82' lang='lat' dir='ltr'>SCRIPTORES</span> <span class='ocrx_word' id='word_1_5' title='bbox 1266 111 1407 143; x_wconf 80' lang='lat' dir='ltr'>TRES.</span> 
     </span>
    </p>
   </div>
   <div class='ocr_carea' id='block_1_2' title="bbox 194 214 1725 789">
    <p class='ocr_par' dir='ltr' id='par_1_2' title="bbox 194 214 1724 789">
     <span class='ocr_line' id='line_1_2' title="bbox 197 214 1724 273; baseline 0.003 -16"><span class='ocrx_word' id='word_1_6' title='bbox 197 216 271 257; x_wconf 86' lang='lat' dir='ltr'>siae</span> <span class='ocrx_word' id='word_1_7' title='bbox 294 214 594 257; x_wconf 86' lang='lat' dir='ltr'>Dunelmensis</span> <span class='ocrx_word' id='word_1_8' title='bbox 616 223 659 257; x_wconf 81' lang='lat' dir='ltr'>et</span> <span class='ocrx_word' id='word_1_9' title='bbox 682 216 906 266; x_wconf 88' lang='lat' dir='ltr'>chorum,&#39;</span> <span class='ocrx_word' id='word_1_10' title='bbox 899 232 937 257; x_wconf 88' lang='lat' dir='ltr'>m</span> <span class='ocrx_word' id='word_1_11' title='bbox 956 217 1050 258; x_wconf 85' lang='lat' dir='ltr'>loco</span> <span class='ocrx_word' id='word_1_12' title='bbox 1073 232 1198 273; x_wconf 88' lang='lat' dir='ltr'>quem</span> <span class='ocrx_word' id='word_1_13' title='bbox 1216 217 1403 272; x_wconf 78' lang='lat' dir='ltr'>elioistis,</span> <span class='ocrx_word' id='word_1_14' title='bbox 1428 234 1500 260; x_wconf 86' lang='lat' dir='ltr'>seu</span> <span class='ocrx_word' id='word_1_15' title='bbox 1518 218 1724 262; x_wconf 87' lang='lat' dir='ltr'>duxeritis</span> 
     </span>
     <span class='ocr_line' id='line_1_3' title="bbox 196 273 1724 331; baseline 0.004 -17"><span class='ocrx_word' id='word_1_16' title='bbox 196 273 456 328; x_wconf 88' lang='lat' dir='ltr'>eligendum,</span> <span class='ocrx_word' id='word_1_17' title='bbox 479 289 574 315; x_wconf 88' lang='lat' dir='ltr'>cum</span> <span class='ocrx_word' id='word_1_18' title='bbox 612 275 666 315; x_wconf 87' lang='lat' dir='ltr'>ab</span> <span class='ocrx_word' id='word_1_19' title='bbox 691 275 757 315; x_wconf 92' lang='lat' dir='ltr'>Eo</span> <span class='ocrx_word' id='word_1_20' title='bbox 793 274 864 330; x_wconf 87' lang='lat' dir='ltr'>qui</span> <span class='ocrx_word' id='word_1_21' title='bbox 886 275 1023 316; x_wconf 86' lang='lat' dir='ltr'>aufert</span> <span class='ocrx_word' id='word_1_22' title='bbox 1045 275 1238 330; x_wconf 83' lang='lat' dir='ltr'>spiritum</span> <span class='ocrx_word' id='word_1_23' title='bbox 1261 275 1496 331; x_wconf 80' lang='lat' dir='ltr'>principum</span> <span class='ocrx_word' id='word_1_24' title='bbox 1520 279 1724 320; x_wconf 83' lang='lat' dir='ltr'>subtracti</span> 
     </span>
     <span class='ocr_line' id='line_1_4' title="bbox 195 331 1724 389; baseline 0.003 -16"><span class='ocrx_word' id='word_1_25' title='bbox 195 332 360 374; x_wconf 86' lang='lat' dir='ltr'>fueritis</span> <span class='ocrx_word' id='word_1_26' title='bbox 396 332 450 373; x_wconf 85' lang='lat' dir='ltr'>ab</span> <span class='ocrx_word' id='word_1_27' title='bbox 483 331 562 373; x_wconf 86' lang='lat' dir='ltr'>hac</span> <span class='ocrx_word' id='word_1_28' title='bbox 595 332 703 383; x_wconf 87' lang='lat' dir='ltr'>luce,</span> <span class='ocrx_word' id='word_1_29' title='bbox 727 331 815 373; x_wconf 85' lang='lat' dir='ltr'>sine</span> <span class='ocrx_word' id='word_1_30' title='bbox 845 333 960 373; x_wconf 89' lang='lat' dir='ltr'>omni</span> <span class='ocrx_word' id='word_1_31' title='bbox 992 333 1335 375; x_wconf 86' lang='lat' dir='ltr'>contradiccione</span> <span class='ocrx_word' id='word_1_32' title='bbox 1363 350 1516 389; x_wconf 88' lang='lat' dir='ltr'>corpus</span> <span class='ocrx_word' id='word_1_33' title='bbox 1539 346 1724 378; x_wconf 87' lang='lat' dir='ltr'>vestrum</span> 
     </span>
     <span class='ocr_line' id='line_1_5' title="bbox 194 389 1725 455; baseline 0.003 -25"><span class='ocrx_word' id='word_1_34' title='bbox 194 404 291 431; x_wconf 88' lang='lat' dir='ltr'>cum</span> <span class='ocrx_word' id='word_1_35' title='bbox 327 389 674 455; x_wconf 78' lang='lat' dir='ltr'>bonolificencia,</span> <span class='ocrx_word' id='word_1_36' title='bbox 697 405 782 446; x_wconf 89' lang='lat' dir='ltr'>qua</span> <span class='ocrx_word' id='word_1_37' title='bbox 814 391 1027 441; x_wconf 89' lang='lat' dir='ltr'>convenit,</span> <span class='ocrx_word' id='word_1_38' title='bbox 1051 393 1299 442; x_wconf 86' lang='lat' dir='ltr'>tumuletur,</span> <span class='ocrx_word' id='word_1_39' title='bbox 1324 401 1513 434; x_wconf 85' lang='lat' dir='ltr'>nostrum</span> <span class='ocrx_word' id='word_1_40' title='bbox 1547 406 1725 435; x_wconf 58' lang='lat' dir='ltr'>consen:</span> 
     </span>
     <span class='ocr_line' id='line_1_6' title="bbox 194 447 1723 503; baseline 0.004 -15"><span class='ocrx_word' id='word_1_41' title='bbox 194 463 289 489; x_wconf 89' lang='lat' dir='ltr'>sum</span> <span class='ocrx_word' id='word_1_42' title='bbox 321 447 576 489; x_wconf 86' lang='lat' dir='ltr'>unanimiter</span> <span class='ocrx_word' id='word_1_43' title='bbox 599 456 745 489; x_wconf 87' lang='lat' dir='ltr'>tenore</span> <span class='ocrx_word' id='word_1_44' title='bbox 768 450 1047 503; x_wconf 83' lang='lat' dir='ltr'>praesencium</span> <span class='ocrx_word' id='word_1_45' title='bbox 1068 448 1347 503; x_wconf 77' lang='lat' dir='ltr'><strong>impertimus,</strong></span> <span class='ocrx_word' id='word_1_46' title='bbox 1414 451 1723 494; x_wconf 82' lang='lat' dir='ltr'>Paternitatem</span> 
     </span>
     <span class='ocr_line' id='line_1_7' title="bbox 194 506 1723 563; baseline 0.003 -17"><span class='ocrx_word' id='word_1_47' title='bbox 194 514 378 547; x_wconf 80' lang='lat' dir='ltr'>vestram</span> <span class='ocrx_word' id='word_1_48' title='bbox 414 520 510 547; x_wconf 89' lang='lat' dir='ltr'>cum</span> <span class='ocrx_word' id='word_1_49' title='bbox 546 514 776 560; x_wconf 84' lang='lat' dir='ltr'>augmento</span> <span class='ocrx_word' id='word_1_50' title='bbox 809 507 925 562; x_wconf 81' lang='lat' dir='ltr'>pacis</span> <span class='ocrx_word' id='word_1_51' title='bbox 959 507 1014 548; x_wconf 88' lang='lat' dir='ltr'>ad</span> <span class='ocrx_word' id='word_1_52' title='bbox 1040 506 1232 549; x_wconf 86' lang='lat' dir='ltr'>ecelesiae</span> <span class='ocrx_word' id='word_1_53' title='bbox 1252 517 1404 549; x_wconf 87' lang='lat' dir='ltr'>vestrae</span> <span class='ocrx_word' id='word_1_54' title='bbox 1425 510 1618 563; x_wconf 80' lang='lat' dir='ltr'>regimen</span> <span class='ocrx_word' id='word_1_55' title='bbox 1650 510 1723 551; x_wconf 93' lang='lat' dir='ltr'>diu</span> 
     </span>
     <span class='ocr_line' id='line_1_8' title="bbox 195 563 1723 621; baseline 0.003 -17"><span class='ocrx_word' id='word_1_56' title='bbox 195 563 351 618; x_wconf 82' lang='lat' dir='ltr'>dirigat</span> <span class='ocrx_word' id='word_1_57' title='bbox 384 572 427 605; x_wconf 85' lang='lat' dir='ltr'>et</span> <span class='ocrx_word' id='word_1_58' title='bbox 458 573 678 605; x_wconf 85' lang='lat' dir='ltr'>conservet</span> <span class='ocrx_word' id='word_1_59' title='bbox 699 564 933 606; x_wconf 80' lang='lat' dir='ltr'>clemencia</span> <span class='ocrx_word' id='word_1_60' title='bbox 957 565 1202 609; x_wconf 77' lang='lat' dir='ltr'>salvatoris.</span> <span class='ocrx_word' id='word_1_61' title='bbox 1284 566 1332 607; x_wconf 89' lang='lat' dir='ltr'>In</span> <span class='ocrx_word' id='word_1_62' title='bbox 1355 567 1473 621; x_wconf 87' lang='lat' dir='ltr'>cujus</span> <span class='ocrx_word' id='word_1_63' title='bbox 1510 567 1570 609; x_wconf 85' lang='lat' dir='ltr'>rei</span> <span class='ocrx_word' id='word_1_64' title='bbox 1603 567 1723 609; x_wconf 86' lang='lat' dir='ltr'>testi-</span> 
     </span>
     <span class='ocr_line' id='line_1_9' title="bbox 195 621 1723 691; baseline 0.003 -29"><span class='ocrx_word' id='word_1_65' title='bbox 195 621 385 663; x_wconf 90' lang='lat' dir='ltr'>monium</span> <span class='ocrx_word' id='word_1_66' title='bbox 417 621 599 676; x_wconf 85' lang='lat' dir='ltr'>sigillum</span> <span class='ocrx_word' id='word_1_67' title='bbox 634 637 861 664; x_wconf 86' lang='lat' dir='ltr'>commune</span> <span class='ocrx_word' id='word_1_68' title='bbox 897 622 1072 678; x_wconf 81' lang='lat' dir='ltr'>capituli</span> <span class='ocrx_word' id='word_1_69' title='bbox 1104 622 1235 665; x_wconf 84' lang='lat' dir='ltr'>nostri</span> <span class='ocrx_word' id='word_1_70' title='bbox 1264 624 1541 678; x_wconf 80' lang='lat' dir='ltr'>praesentibus</span> <span class='ocrx_word' id='word_1_71' title='bbox 1563 633 1628 667; x_wconf 87' lang='lat' dir='ltr'>est</span> <span class='ocrx_word' id='word_1_72' title='bbox 1649 641 1723 691; x_wconf 86' lang='lat' dir='ltr'>ap-</span> 
     </span>
     <span class='ocr_line' id='line_1_10' title="bbox 194 680 1722 736; baseline 0.003 -16"><span class='ocrx_word' id='word_1_73' title='bbox 194 694 386 735; x_wconf 87' lang='lat' dir='ltr'>pensum.</span> <span class='ocrx_word' id='word_1_74' title='bbox 461 680 578 721; x_wconf 84' lang='lat' dir='ltr'>Data</span> <span class='ocrx_word' id='word_1_75' title='bbox 617 680 819 721; x_wconf 89' lang='lat' dir='ltr'>Dunelmi</span> <span class='ocrx_word' id='word_1_76' title='bbox 856 680 898 721; x_wconf 91' lang='lat' dir='ltr'>in</span> <span class='ocrx_word' id='word_1_77' title='bbox 938 681 1125 736; x_wconf 81' lang='lat' dir='ltr'>capitulo</span> <span class='ocrx_word' id='word_1_78' title='bbox 1165 690 1327 733; x_wconf 87' lang='lat' dir='ltr'>nostro,</span> <span class='ocrx_word' id='word_1_79' title='bbox 1368 697 1430 724; x_wconf 79' lang='lat' dir='ltr'>xx</span> <span class='ocrx_word' id='word_1_80' title='bbox 1471 683 1539 725; x_wconf 90' lang='lat' dir='ltr'>die</span> <span class='ocrx_word' id='word_1_81' title='bbox 1570 684 1722 727; x_wconf 84' lang='lat' dir='ltr'>mensis</span> 
     </span>
     <span class='ocr_line' id='line_1_11' title="bbox 198 737 1234 789; baseline 0.001 -10"><span class='ocrx_word' id='word_1_82' title='bbox 198 737 366 789; x_wconf 84' lang='lat' dir='ltr'>Marcii,</span> <span class='ocrx_word' id='word_1_83' title='bbox 390 752 502 780; x_wconf 86' lang='lat' dir='ltr'>anno</span> <span class='ocrx_word' id='word_1_84' title='bbox 525 738 701 780; x_wconf 86' lang='lat' dir='ltr'>Domini</span> <span class='ocrx_word' id='word_1_85' title='bbox 723 738 946 780; x_wconf 73' lang='lat' dir='ltr'>millesimo</span> <span class='ocrx_word' id='word_1_86' title='bbox 970 748 1098 781; x_wconf 76' lang='lat' dir='ltr'>cccmn</span> <span class='ocrx_word' id='word_1_87' title='bbox 1104 746 1234 781; x_wconf 73' lang='lat' dir='ltr'>Lxl10.</span> 
     </span>
    </p>
   </div>
   <div class='ocr_carea' id='block_1_3' title="bbox 311 982 1605 1129">
    <p class='ocr_par' dir='ltr' id='par_1_3' title="bbox 311 982 1605 1129">
     <span class='ocr_line' id='line_1_12' title="bbox 314 982 1605 1015; baseline 0.001 -6"><span class='ocrx_word' id='word_1_88' title='bbox 314 982 416 1010; x_wconf 76' lang='lat' dir='ltr'>CXX.</span> <span class='ocrx_word' id='word_1_89' title='bbox 449 982 790 1011; x_wconf 77' lang='lat' dir='ltr'>TESTIMONIALE</span> <span class='ocrx_word' id='word_1_90' title='bbox 815 983 941 1015; x_wconf 83' lang='lat' dir='ltr'><strong>QUOD</strong></span> <span class='ocrx_word' id='word_1_91' title='bbox 964 983 1093 1011; x_wconf 87' lang='lat' dir='ltr'><strong>TALIS</strong></span> <span class='ocrx_word' id='word_1_92' title='bbox 1117 984 1263 1011; x_wconf 86' lang='lat' dir='ltr'><strong>CARTA</strong></span> <span class='ocrx_word' id='word_1_93' title='bbox 1287 982 1391 1015; x_wconf 82' lang='lat' dir='ltr'>QUAE</span> <span class='ocrx_word' id='word_1_94' title='bbox 1414 983 1605 1011; x_wconf 81' lang='lat' dir='ltr'><strong>DICITUR</strong></span> 
     </span>
     <span class='ocr_line' id='line_1_13' title="bbox 311 1040 1603 1069; baseline 0.001 -1"><span class='ocrx_word' id='word_1_95' title='bbox 311 1041 630 1068; x_wconf 82' lang='lat' dir='ltr'>CONFIRMACIO</span> <span class='ocrx_word' id='word_1_96' title='bbox 669 1041 765 1068; x_wconf 90' lang='lat' dir='ltr'>NON</span> <span class='ocrx_word' id='word_1_97' title='bbox 806 1041 1063 1069; x_wconf 83' lang='lat' dir='ltr'>INVENITUR</span> <span class='ocrx_word' id='word_1_98' title='bbox 1101 1042 1147 1068; x_wconf 93' lang='lat' dir='ltr'>IN</span> <span class='ocrx_word' id='word_1_99' title='bbox 1175 1040 1402 1069; x_wconf 82' lang='lat' dir='ltr'><strong>REGISTRO</strong></span> <span class='ocrx_word' id='word_1_100' title='bbox 1426 1041 1515 1068; x_wconf 88' lang='lat' dir='ltr'>NEC</span> <span class='ocrx_word' id='word_1_101' title='bbox 1556 1042 1603 1069; x_wconf 81' lang='grc' dir='ltr'>ΙΝ</span> 
     </span>
     <span class='ocr_line' id='line_1_14' title="bbox 313 1099 773 1129; baseline 0.004 -3"><span class='ocrx_word' id='word_1_102' title='bbox 313 1099 430 1126; x_wconf 80' lang='lat' dir='ltr'><strong>ALIIS</strong></span> <span class='ocrx_word' id='word_1_103' title='bbox 452 1099 773 1129; x_wconf 82' lang='lat' dir='ltr'><strong>MEMORANDIS.</strong></span> 
     </span>
    </p>
   </div>
   <div class='ocr_carea' id='block_1_4' title="bbox 774 1185 1149 1231">
    <p class='ocr_par' dir='ltr' id='par_1_4' title="bbox 774 1185 1149 1231">
     <span class='ocr_line' id='line_1_15' title="bbox 774 1185 1149 1231; baseline -0.003 -11"><span class='ocrx_word' id='word_1_104' title='bbox 774 1185 878 1231; x_wconf 81' lang='lat' dir='ltr'>[Reg.</span> <span class='ocrx_word' id='word_1_105' title='bbox 899 1186 951 1219; x_wconf 86' lang='lat'>11.</span> <span class='ocrx_word' id='word_1_106' title='bbox 966 1185 987 1218; x_wconf 90' lang='lat' dir='ltr'>f.</span> <span class='ocrx_word' id='word_1_107' title='bbox 1010 1187 1082 1223; x_wconf 88' lang='lat'><strong>173.</strong></span> <span class='ocrx_word' id='word_1_108' title='bbox 1100 1185 1149 1230; x_wconf 64' lang='lat' dir='ltr'>u]</span> 
     </span>
    </p>
   </div>
   <div class='ocr_carea' id='block_1_5' title="bbox 189 1263 1726 2119">
    <p class='ocr_par' dir='ltr' id='par_1_5' title="bbox 189 1263 1726 2119">
     <span class='ocr_line' id='line_1_16' title="bbox 251 1263 1719 1320; baseline 0 -15"><span class='ocrx_word' id='word_1_109' title='bbox 251 1263 462 1306; x_wconf 83' lang='lat' dir='ltr'>Noverint</span> <span class='ocrx_word' id='word_1_110' title='bbox 494 1263 680 1314; x_wconf 69' lang='lat' dir='ltr'>,universi</span> <span class='ocrx_word' id='word_1_111' title='bbox 717 1263 833 1320; x_wconf 84' lang='lat' dir='ltr'>quod</span> <span class='ocrx_word' id='word_1_112' title='bbox 855 1279 933 1305; x_wconf 87' lang='lat' dir='ltr'>nos</span> <span class='ocrx_word' id='word_1_113' title='bbox 955 1263 1170 1306; x_wconf 87' lang='lat' dir='ltr'>Johannes</span> <span class='ocrx_word' id='word_1_114' title='bbox 1194 1263 1317 1306; x_wconf 80' lang='lat' dir='ltr'>Prior</span> <span class='ocrx_word' id='word_1_115' title='bbox 1338 1264 1530 1306; x_wconf 79' lang='lat' dir='ltr'>ecclesiae</span> <span class='ocrx_word' id='word_1_116' title='bbox 1556 1264 1719 1306; x_wconf 90' lang='lat' dir='ltr'>Dunel-</span> 
     </span>
     <span class='ocr_line' id='line_1_17' title="bbox 191 1322 1720 1379; baseline 0 -15"><span class='ocrx_word' id='word_1_117' title='bbox 191 1322 347 1364; x_wconf 82' lang='lat' dir='ltr'>mensis</span> <span class='ocrx_word' id='word_1_118' title='bbox 370 1331 413 1364; x_wconf 86' lang='lat' dir='ltr'>et</span> <span class='ocrx_word' id='word_1_119' title='bbox 434 1323 623 1378; x_wconf 89' lang='lat' dir='ltr'>ejusdem</span> <span class='ocrx_word' id='word_1_120' title='bbox 646 1322 729 1363; x_wconf 86' lang='lat' dir='ltr'>loci</span> <span class='ocrx_word' id='word_1_121' title='bbox 752 1322 1013 1373; x_wconf 84' lang='lat' dir='ltr'>Conventus,</span> <span class='ocrx_word' id='word_1_122' title='bbox 1036 1322 1183 1364; x_wconf 83' lang='lat' dir='ltr'>audito</span> <span class='ocrx_word' id='word_1_123' title='bbox 1205 1331 1247 1364; x_wconf 89' lang='lat' dir='ltr'>et</span> <span class='ocrx_word' id='word_1_124' title='bbox 1265 1322 1481 1364; x_wconf 88' lang='lat' dir='ltr'>intellecto</span> <span class='ocrx_word' id='word_1_125' title='bbox 1503 1338 1528 1364; x_wconf 87' lang='lat' dir='ltr'>a</span> <span class='ocrx_word' id='word_1_126' title='bbox 1548 1323 1720 1379; x_wconf 85' lang='lat' dir='ltr'>quibus·</span> 
     </span>
     <span class='ocr_line' id='line_1_18' title="bbox 192 1380 1715 1437; baseline 0 -16"><span class='ocrx_word' id='word_1_127' title='bbox 192 1381 291 1422; x_wconf 84' lang='lat' dir='ltr'>darn</span> <span class='ocrx_word' id='word_1_128' title='bbox 313 1380 428 1437; x_wconf 91' lang='lat' dir='ltr'>quod</span> <span class='ocrx_word' id='word_1_129' title='bbox 452 1395 526 1421; x_wconf 89' lang='lat' dir='ltr'>nos</span> <span class='ocrx_word' id='word_1_130' title='bbox 548 1381 761 1437; x_wconf 83' lang='lat' dir='ltr'>quandam</span> <span class='ocrx_word' id='word_1_131' title='bbox 783 1390 956 1431; x_wconf 84' lang='lat' dir='ltr'>cartam,</span> <span class='ocrx_word' id='word_1_132' title='bbox 979 1395 1056 1436; x_wconf 86' lang='lat' dir='ltr'>per</span> <span class='ocrx_word' id='word_1_133' title='bbox 1076 1381 1201 1422; x_wconf 83' lang='lat' dir='ltr'>bonae</span> <span class='ocrx_word' id='word_1_134' title='bbox 1223 1381 1439 1422; x_wconf 75' lang='lat' dir='ltr'>memoriae</span> <span class='ocrx_word' id='word_1_135' title='bbox 1465 1381 1715 1431; x_wconf 83' lang='lat' dir='ltr'>Antonium,</span> 
     </span>
     <span class='ocr_line' id='line_1_19' title="bbox 193 1438 1718 1494; baseline 0 -14"><span class='ocrx_word' id='word_1_136' title='bbox 193 1439 355 1480; x_wconf 89' lang='lat' dir='ltr'>dudum</span> <span class='ocrx_word' id='word_1_137' title='bbox 393 1438 730 1481; x_wconf 85' lang='lat' dir='ltr'>Dunelmensem</span> <span class='ocrx_word' id='word_1_138' title='bbox 772 1439 1046 1494; x_wconf 82' lang='lat' dir='ltr'>Episcopum,</span> <span class='ocrx_word' id='word_1_139' title='bbox 1082 1439 1137 1480; x_wconf 79' lang='lat' dir='ltr'>de</span> <span class='ocrx_word' id='word_1_140' title='bbox 1173 1453 1258 1480; x_wconf 87' lang='lat' dir='ltr'>uno</span> <span class='ocrx_word' id='word_1_141' title='bbox 1295 1440 1404 1480; x_wconf 87' lang='lat' dir='ltr'>tosto</span> <span class='ocrx_word' id='word_1_142' title='bbox 1436 1448 1480 1480; x_wconf 89' lang='lat' dir='ltr'>et</span> <span class='ocrx_word' id='word_1_143' title='bbox 1500 1439 1718 1480; x_wconf 76' lang='lat' dir='ltr'>sexdecim</span> 
     </span>
     <span class='ocr_line' id='line_1_20' title="bbox 191 1496 1718 1553; baseline -0.001 -14"><span class='ocrx_word' id='word_1_144' title='bbox 191 1497 298 1539; x_wconf 87' lang='lat' dir='ltr'>acris</span> <span class='ocrx_word' id='word_1_145' title='bbox 320 1506 446 1539; x_wconf 87' lang='lat' dir='ltr'>terrae</span> <span class='ocrx_word' id='word_1_146' title='bbox 467 1498 510 1537; x_wconf 89' lang='lat' dir='ltr'>iu</span> <span class='ocrx_word' id='word_1_147' title='bbox 530 1496 631 1538; x_wconf 83' lang='lat' dir='ltr'>villa</span> <span class='ocrx_word' id='word_1_148' title='bbox 651 1506 693 1539; x_wconf 89' lang='lat' dir='ltr'>et</span> <span class='ocrx_word' id='word_1_149' title='bbox 714 1497 927 1539; x_wconf 84' lang='lat' dir='ltr'>territorio</span> <span class='ocrx_word' id='word_1_150' title='bbox 963 1497 1017 1538; x_wconf 85' lang='lat' dir='ltr'>de</span> <span class='ocrx_word' id='word_1_151' title='bbox 1042 1497 1283 1553; x_wconf 81' lang='lat' dir='ltr'>Stayndrop</span> <span class='ocrx_word' id='word_1_152' title='bbox 1308 1497 1502 1538; x_wconf 85' lang='lat' dir='ltr'>Roberto</span> <span class='ocrx_word' id='word_1_153' title='bbox 1523 1497 1718 1553; x_wconf 82' lang='lat' dir='ltr'>scriptori</span> 
     </span>
     <span class='ocr_line' id='line_1_21' title="bbox 189 1554 1720 1610; baseline 0 -13"><span class='ocrx_word' id='word_1_154' title='bbox 189 1556 361 1606; x_wconf 85' lang='lat' dir='ltr'>factam,</span> <span class='ocrx_word' id='word_1_155' title='bbox 387 1555 634 1597; x_wconf 83' lang='lat' dir='ltr'>dicebamur</span> <span class='ocrx_word' id='word_1_156' title='bbox 658 1556 944 1606; x_wconf 86' lang='lat' dir='ltr'>confirmasse,</span> <span class='ocrx_word' id='word_1_157' title='bbox 982 1555 1108 1610; x_wconf 87' lang='lat' dir='ltr'>hujus</span> <span class='ocrx_word' id='word_1_158' title='bbox 1142 1554 1241 1596; x_wconf 81' lang='lat' dir='ltr'>faeti</span> <span class='ocrx_word' id='word_1_159' title='bbox 1277 1555 1557 1605; x_wconf 79' lang='lat' dir='ltr'>immemoreS,</span> <span class='ocrx_word' id='word_1_160' title='bbox 1581 1570 1630 1596; x_wconf 82' lang='lat' dir='ltr'>ac</span> <span class='ocrx_word' id='word_1_161' title='bbox 1666 1556 1720 1597; x_wconf 82' lang='lat' dir='ltr'>de</span> 
     </span>
     <span class='ocr_line' id='line_1_22' title="bbox 191 1613 1722 1669; baseline -0.001 -14"><span class='ocrx_word' id='word_1_162' title='bbox 191 1614 274 1655; x_wconf 90' lang='lat' dir='ltr'>hoc</span> <span class='ocrx_word' id='word_1_163' title='bbox 311 1614 404 1669; x_wconf 86' lang='lat' dir='ltr'>plus</span> <span class='ocrx_word' id='word_1_164' title='bbox 438 1613 655 1655; x_wconf 85' lang='lat' dir='ltr'>certiorari</span> <span class='ocrx_word' id='word_1_165' title='bbox 694 1615 899 1665; x_wconf 70' lang='lat' dir='ltr'>volentes,</span> <span class='ocrx_word' id='word_1_166' title='bbox 921 1613 1148 1668; x_wconf 82' lang='lat' dir='ltr'>registrum</span> <span class='ocrx_word' id='word_1_167' title='bbox 1182 1621 1375 1655; x_wconf 78' lang='lat' dir='ltr'>nostrum</span> <span class='ocrx_word' id='word_1_168' title='bbox 1397 1622 1439 1655; x_wconf 87' lang='lat' dir='ltr'>et</span> <span class='ocrx_word' id='word_1_169' title='bbox 1461 1614 1541 1655; x_wconf 84' lang='lat' dir='ltr'>alia</span> <span class='ocrx_word' id='word_1_170' title='bbox 1563 1628 1722 1655; x_wconf 87' lang='lat' dir='ltr'>memo-</span> 
     </span>
     <span class='ocr_line' id='line_1_23' title="bbox 191 1671 1726 1727; baseline 0 -15"><span class='ocrx_word' id='word_1_171' title='bbox 191 1671 296 1713; x_wconf 86' lang='lat' dir='ltr'>ralia</span> <span class='ocrx_word' id='word_1_172' title='bbox 331 1682 475 1713; x_wconf 89' lang='lat' dir='ltr'>nostra</span> <span class='ocrx_word' id='word_1_173' title='bbox 507 1671 628 1726; x_wconf 87' lang='lat' dir='ltr'>plene</span> <span class='ocrx_word' id='word_1_174' title='bbox 656 1672 917 1727; x_wconf 81' lang='lat' dir='ltr'>inspeximus</span> <span class='ocrx_word' id='word_1_175' title='bbox 943 1681 984 1713; x_wconf 88' lang='lat' dir='ltr'>et</span> <span class='ocrx_word' id='word_1_176' title='bbox 1005 1672 1310 1722; x_wconf 85' lang='lat' dir='ltr'>scrutabamur,</span> <span class='ocrx_word' id='word_1_177' title='bbox 1334 1680 1376 1713; x_wconf 87' lang='lat' dir='ltr'>et</span> <span class='ocrx_word' id='word_1_178' title='bbox 1397 1672 1554 1713; x_wconf 83' lang='lat' dir='ltr'>nullam</span> <span class='ocrx_word' id='word_1_179' title='bbox 1576 1671 1726 1727; x_wconf 67' lang='lat' dir='ltr'>hujus-v</span> 
     </span>
     <span class='ocr_line' id='line_1_24' title="bbox 189 1729 1720 1786; baseline -0.001 -15"><span class='ocrx_word' id='word_1_180' title='bbox 189 1729 307 1771; x_wconf 87' lang='lat' dir='ltr'>modi</span> <span class='ocrx_word' id='word_1_181' title='bbox 343 1730 713 1771; x_wconf 85' lang='lat' dir='ltr'>confirmacionem</span> <span class='ocrx_word' id='word_1_182' title='bbox 748 1730 963 1785; x_wconf 86' lang='lat' dir='ltr'>potuimus</span> <span class='ocrx_word' id='word_1_183' title='bbox 996 1730 1199 1780; x_wconf 85' lang='lat' dir='ltr'>invenire,</span> <span class='ocrx_word' id='word_1_184' title='bbox 1223 1744 1302 1771; x_wconf 88' lang='lat' dir='ltr'>nec</span> <span class='ocrx_word' id='word_1_185' title='bbox 1335 1729 1520 1786; x_wconf 87' lang='lat' dir='ltr'>aliquam</span> <span class='ocrx_word' id='word_1_186' title='bbox 1545 1731 1720 1772; x_wconf 88' lang='lat' dir='ltr'>eviden-</span> 
     </span>
     <span class='ocr_line' id='line_1_25' title="bbox 192 1787 1719 1843; baseline 0 -14"><span class='ocrx_word' id='word_1_187' title='bbox 192 1788 300 1829; x_wconf 85' lang='lat' dir='ltr'>ciam</span> <span class='ocrx_word' id='word_1_188' title='bbox 323 1789 377 1829; x_wconf 87' lang='lat' dir='ltr'>de</span> <span class='ocrx_word' id='word_1_189' title='bbox 398 1788 480 1829; x_wconf 88' lang='lat' dir='ltr'>hoc</span> <span class='ocrx_word' id='word_1_190' title='bbox 503 1788 570 1828; x_wconf 86' lang='lat' dir='ltr'>vel</span> <span class='ocrx_word' id='word_1_191' title='bbox 591 1788 814 1830; x_wconf 83' lang='lat' dir='ltr'>scienciam</span> <span class='ocrx_word' id='word_1_192' title='bbox 832 1788 990 1830; x_wconf 85' lang='lat' dir='ltr'>habere</span> <span class='ocrx_word' id='word_1_193' title='bbox 1007 1788 1197 1830; x_wconf 85' lang='lat' dir='ltr'>valemus</span> <span class='ocrx_word' id='word_1_194' title='bbox 1214 1787 1362 1843; x_wconf 88' lang='lat' dir='ltr'>quovis</span> <span class='ocrx_word' id='word_1_195' title='bbox 1379 1788 1521 1830; x_wconf 83' lang='lat' dir='ltr'>modo.</span> <span class='ocrx_word' id='word_1_196' title='bbox 1588 1788 1719 1835; x_wconf 79' lang='lat' dir='ltr'>Quod</span> 
     </span>
     <span class='ocr_line' id='line_1_26' title="bbox 189 1845 1719 1901; baseline 0 -14"><span class='ocrx_word' id='word_1_197' title='bbox 189 1845 453 1887; x_wconf 87' lang='lat' dir='ltr'>universitati</span> <span class='ocrx_word' id='word_1_198' title='bbox 484 1854 634 1887; x_wconf 88' lang='lat' dir='ltr'>vestrae</span> <span class='ocrx_word' id='word_1_199' title='bbox 667 1854 712 1887; x_wconf 85' lang='lat' dir='ltr'>et</span> <span class='ocrx_word' id='word_1_200' title='bbox 745 1846 949 1896; x_wconf 88' lang='lat' dir='ltr'>omnium,</span> <span class='ocrx_word' id='word_1_201' title='bbox 985 1861 1166 1901; x_wconf 87' lang='lat' dir='ltr'>quorum</span> <span class='ocrx_word' id='word_1_202' title='bbox 1209 1846 1397 1895; x_wconf 88' lang='lat' dir='ltr'>interest,</span> <span class='ocrx_word' id='word_1_203' title='bbox 1435 1845 1719 1900; x_wconf 84' lang='lat' dir='ltr'>significamus</span> 
     </span>
     <span class='ocr_line' id='line_1_27' title="bbox 190 1903 1718 1958; baseline 0 -14"><span class='ocrx_word' id='word_1_204' title='bbox 190 1918 269 1958; x_wconf 88' lang='lat' dir='ltr'>per</span> <span class='ocrx_word' id='word_1_205' title='bbox 301 1912 546 1958; x_wconf 79' lang='lat' dir='ltr'>praesentes,</span> <span class='ocrx_word' id='word_1_206' title='bbox 643 1904 693 1945; x_wconf 92' lang='lat' dir='ltr'>In</span> <span class='ocrx_word' id='word_1_207' title='bbox 728 1904 848 1958; x_wconf 84' lang='lat' dir='ltr'>cujus</span> <span class='ocrx_word' id='word_1_208' title='bbox 883 1903 945 1944; x_wconf 89' lang='lat' dir='ltr'>rei</span> <span class='ocrx_word' id='word_1_209' title='bbox 981 1903 1272 1944; x_wconf 89' lang='lat' dir='ltr'>testimonium</span> <span class='ocrx_word' id='word_1_210' title='bbox 1305 1903 1486 1957; x_wconf 87' lang='lat' dir='ltr'>sigillum</span> <span class='ocrx_word' id='word_1_211' title='bbox 1524 1912 1718 1944; x_wconf 83' lang='lat' dir='ltr'>nostrum</span> 
     </span>
     <span class='ocr_line' id='line_1_28' title="bbox 190 1960 1718 2017; baseline 0.001 -15"><span class='ocrx_word' id='word_1_212' title='bbox 190 1976 416 2002; x_wconf 86' lang='lat' dir='ltr'>commune</span> <span class='ocrx_word' id='word_1_213' title='bbox 437 1962 717 2016; x_wconf 76' lang='lat' dir='ltr'>praesentibus</span> <span class='ocrx_word' id='word_1_214' title='bbox 740 1970 802 2002; x_wconf 86' lang='lat' dir='ltr'>est</span> <span class='ocrx_word' id='word_1_215' title='bbox 825 1976 1070 2016; x_wconf 84' lang='lat' dir='ltr'>appensum.</span> <span class='ocrx_word' id='word_1_216' title='bbox 1146 1961 1264 2002; x_wconf 88' lang='lat' dir='ltr'>Data</span> <span class='ocrx_word' id='word_1_217' title='bbox 1294 1960 1515 2012; x_wconf 89' lang='lat' dir='ltr'>Dunelmi,</span> <span class='ocrx_word' id='word_1_218' title='bbox 1540 1960 1580 2001; x_wconf 90' lang='lat' dir='ltr'>in</span> <span class='ocrx_word' id='word_1_219' title='bbox 1603 1962 1718 2017; x_wconf 82' lang='lat' dir='ltr'>capi-</span> 
     </span>
     <span class='ocr_line' id='line_1_29' title="bbox 192 2018 1717 2069; baseline 0.001 -9"><span class='ocrx_word' id='word_1_220' title='bbox 192 2019 286 2060; x_wconf 87' lang='lat' dir='ltr'>tulo</span> <span class='ocrx_word' id='word_1_221' title='bbox 322 2028 484 2069; x_wconf 83' lang='lat' dir='ltr'>nostro,</span> <span class='ocrx_word' id='word_1_222' title='bbox 522 2032 583 2059; x_wconf 83' lang='lat' dir='ltr'>xx</span> <span class='ocrx_word' id='word_1_223' title='bbox 623 2018 692 2060; x_wconf 86' lang='lat' dir='ltr'>die</span> <span class='ocrx_word' id='word_1_224' title='bbox 728 2019 881 2060; x_wconf 80' lang='lat' dir='ltr'>mensis</span> <span class='ocrx_word' id='word_1_225' title='bbox 920 2018 1089 2069; x_wconf 83' lang='lat' dir='ltr'>Marcii,</span> <span class='ocrx_word' id='word_1_226' title='bbox 1128 2033 1242 2061; x_wconf 84' lang='lat' dir='ltr'>anno</span> <span class='ocrx_word' id='word_1_227' title='bbox 1283 2018 1460 2061; x_wconf 85' lang='lat' dir='ltr'>Domini</span> <span class='ocrx_word' id='word_1_228' title='bbox 1495 2018 1717 2062; x_wconf 86' lang='lat' dir='ltr'>millesimo</span> 
     </span>
     <span class='ocr_line' id='line_1_30' title="bbox 193 2084 453 2119; baseline -0.008 0"><span class='ocrx_word' id='word_1_229' title='bbox 193 2084 453 2119; x_wconf 76' lang='lat' dir='ltr'>cccm⁰LX11⁰.</span> 
     </span>
    </p>
   </div>
   <div class='ocr_carea' id='block_1_6' title="bbox 307 2316 1599 2406">
    <p class='ocr_par' dir='ltr' id='par_1_6' title="bbox 307 2316 1599 2406">
     <span class='ocr_line' id='line_1_31' title="bbox 307 2316 1599 2352; baseline 0.004 -5"><span class='ocrx_word' id='word_1_230' title='bbox 307 2319 428 2347; x_wconf 82' lang='lat' dir='ltr'>cxxl.</span> <span class='ocrx_word' id='word_1_231' title='bbox 462 2317 780 2347; x_wconf 74' lang='lat' dir='ltr'>CONFIRMACIO</span> <span class='ocrx_word' id='word_1_232' title='bbox 805 2316 1011 2346; x_wconf 85' lang='lat' dir='ltr'>HUGONIS</span> <span class='ocrx_word' id='word_1_233' title='bbox 1039 2318 1222 2346; x_wconf 87' lang='lat' dir='ltr'><strong>CATOUR</strong></span> <span class='ocrx_word' id='word_1_234' title='bbox 1244 2317 1390 2348; x_wconf 86' lang='lat' dir='ltr'>SUPER.</span> <span class='ocrx_word' id='word_1_235' title='bbox 1413 2321 1599 2352; x_wconf 84' lang='lat' dir='ltr'>OFFICIO</span> 
     </span>
     <span class='ocr_line' id='line_1_32' title="bbox 540 2376 1369 2406; baseline 0.004 -3"><span class='ocrx_word' id='word_1_236' title='bbox 540 2376 769 2403; x_wconf 82' lang='lat' dir='ltr'>EMPTORIS</span> <span class='ocrx_word' id='word_1_237' title='bbox 791 2376 1004 2403; x_wconf 82' lang='lat' dir='ltr'>ABATHIAE</span> <span class='ocrx_word' id='word_1_238' title='bbox 1029 2377 1369 2406; x_wconf 85' lang='lat' dir='ltr'><strong>DUNELMENSIS.</strong></span> 
     </span>
    </p>
   </div>
   <div class='ocr_carea' id='block_1_7' title="bbox 772 2455 1132 2500">
    <p class='ocr_par' dir='ltr' id='par_1_7' title="bbox 772 2455 1132 2500">
     <span class='ocr_line' id='line_1_33' title="bbox 772 2455 1132 2500; baseline -0.006 -11"><span class='ocrx_word' id='word_1_239' title='bbox 772 2456 876 2500; x_wconf 89' lang='lat' dir='ltr'>[Reg.</span> <span class='ocrx_word' id='word_1_240' title='bbox 894 2456 947 2488; x_wconf 91' lang='grc' dir='ltr'>ΙΙ.</span> <span class='ocrx_word' id='word_1_241' title='bbox 963 2455 1019 2488; x_wconf 83' lang='lat' dir='ltr'>fol.</span> <span class='ocrx_word' id='word_1_242' title='bbox 1042 2457 1132 2497; x_wconf 79' lang='lat' dir='ltr'>l7ss.]</span> 
     </span>
    </p>
   </div>
   <div class='ocr_carea' id='block_1_8' title="bbox 185 2533 1717 2823">
    <p class='ocr_par' dir='ltr' id='par_1_8' title="bbox 185 2533 1717 2823">
     <span class='ocr_line' id='line_1_34' title="bbox 251 2533 1716 2592; baseline 0.002 -15"><span class='ocrx_word' id='word_1_243' title='bbox 251 2534 458 2578; x_wconf 87' lang='lat' dir='ltr'>Omnibus</span> <span class='ocrx_word' id='word_1_244' title='bbox 499 2533 656 2576; x_wconf 85' lang='lat' dir='ltr'>Christi</span> <span class='ocrx_word' id='word_1_245' title='bbox 688 2534 885 2576; x_wconf 84' lang='lat' dir='ltr'>fidelibus</span> <span class='ocrx_word' id='word_1_246' title='bbox 916 2543 1146 2590; x_wconf 79' lang='lat' dir='ltr'>praesentes</span> <span class='ocrx_word' id='word_1_247' title='bbox 1176 2535 1316 2578; x_wconf 84' lang='lat' dir='ltr'>literas</span> <span class='ocrx_word' id='word_1_248' title='bbox 1347 2537 1614 2592; x_wconf 78' lang='lat' dir='ltr'>inspectui·iS‚</span> <span class='ocrx_word' id='word_1_249' title='bbox 1641 2537 1716 2580; x_wconf 86' lang='lat' dir='ltr'>Jo-</span> 
     </span>
     <span class='ocr_line' id='line_1_35' title="bbox 186 2592 1714 2649; baseline 0.001 -14"><span class='ocrx_word' id='word_1_250' title='bbox 186 2594 347 2635; x_wconf 86' lang='lat' dir='ltr'>hannes</span> <span class='ocrx_word' id='word_1_251' title='bbox 382 2594 506 2635; x_wconf 83' lang='lat' dir='ltr'>Pri0r</span> <span class='ocrx_word' id='word_1_252' title='bbox 537 2592 727 2649; x_wconf 84' lang='lat' dir='ltr'>eeclesiae</span> <span class='ocrx_word' id='word_1_253' title='bbox 762 2592 1061 2634; x_wconf 83' lang='lat' dir='ltr'>Dunelmensis</span> <span class='ocrx_word' id='word_1_254' title='bbox 1084 2602 1127 2635; x_wconf 84' lang='lat' dir='ltr'>et</span> <span class='ocrx_word' id='word_1_255' title='bbox 1148 2593 1340 2649; x_wconf 87' lang='lat' dir='ltr'>ejusdem</span> <span class='ocrx_word' id='word_1_256' title='bbox 1362 2594 1442 2635; x_wconf 87' lang='lat' dir='ltr'>loci</span> <span class='ocrx_word' id='word_1_257' title='bbox 1467 2595 1714 2637; x_wconf 82' lang='lat' dir='ltr'>Conventus</span> 
     </span>
     <span class='ocr_line' id='line_1_36' title="bbox 186 2649 1716 2703; baseline 0.002 -10"><span class='ocrx_word' id='word_1_258' title='bbox 186 2652 362 2693; x_wconf 79' lang='lat' dir='ltr'>salutem</span> <span class='ocrx_word' id='word_1_259' title='bbox 396 2651 437 2692; x_wconf 88' lang='lat' dir='ltr'>in</span> <span class='ocrx_word' id='word_1_260' title='bbox 469 2649 659 2691; x_wconf 89' lang='lat' dir='ltr'>omnium</span> <span class='ocrx_word' id='word_1_261' title='bbox 696 2650 927 2694; x_wconf 77' lang='lat' dir='ltr'>Salvatore.</span> <span class='ocrx_word' id='word_1_262' title='bbox 994 2651 1209 2692; x_wconf 87' lang='lat' dir='ltr'>Noveritis</span> <span class='ocrx_word' id='word_1_263' title='bbox 1239 2668 1317 2694; x_wconf 89' lang='lat' dir='ltr'>nos</span> <span class='ocrx_word' id='word_1_264' title='bbox 1339 2652 1519 2703; x_wconf 82' lang='lat' dir='ltr'>dedisse,</span> <span class='ocrx_word' id='word_1_265' title='bbox 1544 2669 1716 2696; x_wconf 85' lang='lat' dir='ltr'>eonces-</span> 
     </span>
     <span class='ocr_line' id='line_1_37' title="bbox 187 2707 1717 2763; baseline 0.002 -14"><span class='ocrx_word' id='word_1_266' title='bbox 187 2709 300 2758; x_wconf 85' lang='lat' dir='ltr'>sisse,</span> <span class='ocrx_word' id='word_1_267' title='bbox 336 2718 379 2750; x_wconf 82' lang='lat' dir='ltr'>et</span> <span class='ocrx_word' id='word_1_268' title='bbox 414 2709 613 2763; x_wconf 56' lang='lat' dir='ltr'>praesenti</span> <span class='ocrx_word' id='word_1_269' title='bbox 650 2707 807 2762; x_wconf 83' lang='lat' dir='ltr'>scripto</span> <span class='ocrx_word' id='word_1_270' title='bbox 839 2716 984 2750; x_wconf 77' lang='lat' dir='ltr'>nostro</span> <span class='ocrx_word' id='word_1_271' title='bbox 1020 2710 1305 2760; x_wconf 81' lang='lat' dir='ltr'>confirmasse,</span> <span class='ocrx_word' id='word_1_272' title='bbox 1340 2710 1498 2751; x_wconf 78' lang='lat' dir='ltr'>dilecto</span> <span class='ocrx_word' id='word_1_273' title='bbox 1520 2711 1639 2752; x_wconf 88' lang='lat' dir='ltr'>nobis</span> <span class='ocrx_word' id='word_1_274' title='bbox 1676 2712 1717 2752; x_wconf 89' lang='lat' dir='ltr'>in</span> 
     </span>
     <span class='ocr_line' id='line_1_38' title="bbox 185 2765 1717 2823; baseline 0.002 -15"><span class='ocrx_word' id='word_1_275' title='bbox 185 2766 357 2808; x_wconf 78' lang='lat' dir='ltr'>Christo</span> <span class='ocrx_word' id='word_1_276' title='bbox 390 2765 569 2823; x_wconf 77' lang='lat' dir='ltr'>Hugoni</span> <span class='ocrx_word' id='word_1_277' title='bbox 601 2765 714 2808; x_wconf 82' lang='lat' dir='ltr'>dicto</span> <span class='ocrx_word' id='word_1_278' title='bbox 746 2781 849 2807; x_wconf 84' lang='lat' dir='ltr'>coco</span> <span class='ocrx_word' id='word_1_279' title='bbox 882 2766 1063 2808; x_wconf 86' lang='lat' dir='ltr'>officium</span> <span class='ocrx_word' id='word_1_280' title='bbox 1087 2768 1285 2822; x_wconf 79' lang='lat' dir='ltr'>emptoris</span> <span class='ocrx_word' id='word_1_281' title='bbox 1310 2769 1540 2810; x_wconf 76' lang='lat' dir='ltr'>Abbathiae</span> <span class='ocrx_word' id='word_1_282' title='bbox 1563 2779 1717 2812; x_wconf 61' lang='lat' dir='ltr'>nostrae</span> 
     </span>
    </p>
   </div>
  </div>
 </body>
</html>
