1807 2962
419 78 697 109 APPENDIX.
743 78 862 109 ANN.
890 78 1204 111 MCCCCLXIV.
1344 67 1574 115 ccccxlvii

54 183 310 232 nominibus,
333 190 379 224 ut
402 192 466 225 est
488 185 627 234 moris,
655 185 794 226 venire
811 193 1026 235 curarunt,
1050 185 1205 227 dICtam
1224 187 1575 230 constitucionem

56 241 302 295 synodalem
329 242 523 297 nequiter
544 242 754 292 violando,
777 243 818 283 in
840 242 1070 283 animarum
1094 258 1260 285 suarum
1283 246 1444 299 grande
1467 247 1578 300 peri-

56 299 212 348 culum,
246 299 508 355 aliorumque
538 300 821 354 perniciosum
859 301 903 340 in
945 301 1214 355 exemplunm
1248 302 1324 344 tibi
1360 302 1490 357 igitur
1530 305 1575 344 in

56 355 213 397 virtute
251 356 512 398 obedienciae
548 358 729 398 firmiter
763 358 1022 412 injungendo
1059 359 1322 410 mandamus,
1364 370 1573 416 quatenus

56 413 255 467 praefatos
285 414 490 455 Rectores
512 423 556 455 et
593 415 785 456 Vicarios
822 415 863 455 in
886 415 1013 456 dorso
1033 417 1296 471 presencium
1319 419 1579 472 conscriptos

56 471 341 525 peremptorie
373 472 490 522 cites,
528 487 600 513 seu
638 473 756 513 citari
792 473 933 522 facias,
972 474 1087 528 quod
1125 484 1397 529 compareant
1434 490 1578 517 coram

57 528 179 569 nobis
210 529 252 570 in
285 529 459 570 ecclesia
491 530 723 584 parochiali
748 529 890 572 Sancti
914 530 1102 571 Oswaldi
1124 532 1345 582 Dunelm.,
1370 532 1439 573 die
1461 532 1580 574 Jovis

55 586 248 638 proxime
267 595 362 639 post
378 587 532 627 festum
556 587 751 642 Symonis
765 596 808 629 et
824 587 950 629 Judae
967 589 1160 642 proxime
1180 589 1382 639 futurum,
1407 605 1579 631 causam

56 642 374 693 racionabilem‚
399 644 432 684 si
455 659 583 699 quam
615 659 692 698 pro
722 660 766 686 se
788 645 985 694 habeant,
1009 660 1138 701 quare
1161 647 1276 688 dicta
1296 662 1421 702 poena
1443 648 1495 688 ab
1519 648 1577 689 eis

56 710 100 741 et
135 715 282 741 eorum
319 702 510 756 quolibet
546 701 675 742 levari
710 710 754 742 et
788 702 962 743 fabricae
984 702 1110 743 dictae
1138 704 1338 746 Ecclesiae
1360 705 1576 760 applicari,

54 763 125 821 etc.
190 758 306 800 Data
328 773 441 800 xv111
464 758 532 800 die
560 759 774 810 Octobris,
798 775 910 801 anno
933 760 1109 801 Domini
1131 762 1354 804 millesimo
1378 776 1579 804 cccchx

54 828 205 869 primo,

173 1106 299 1135 cch.
352 1108 713 1137 SUFFRAGIORUM
744 1109 1038 1138 SUPPLICATIO
1072 1109 1162 1136 PRO
1195 1108 1460 1137 WILLIELMO

172 1164 439 1194 EBCHESTYR
463 1168 519 1194 ET
551 1167 768 1196 JOHANNE
792 1168 985 1194 BURNBY
1008 1167 1261 1194 PmomBUs
1283 1167 1462 1195 DUNEL-

663 1214 938 1253 MENSIBUS*

296 1317 394 1359 [Rot.
409 1318 445 1349 in
463 1317 664 1351 Bibliothec.
680 1317 763 1351 Dec.
779 1322 814 1351 et
833 1318 916 1361 Cap.
938 1316 1101 1350 Dunelm.
1120 1317 1161 1350 B.
1178 1317 1247 1358 IV,
1265 1318 1338 1359 48.]

118 1409 339 1451 Universis
360 1420 517 1452 sanctae
533 1413 675 1453 matris
693 1411 880 1453 ecclesiae
894 1411 1003 1461 filiis,
1023 1411 1077 1452 ad
1100 1425 1206 1467 quos
1227 1423 1411 1464 praeseus
1427 1409 1581 1464 pagina

54 1467 306 1521 pervenerit,
350 1468 557 1511 Ricardus
585 1470 861 1524 permissione
895 1469 1038 1510 divina
1077 1468 1201 1509 Prior
1221 1467 1409 1509 ecclesiae
1431 1468 1580 1509 cathe-

54 1525 180 1566 dralis
222 1526 467 1567 Dunelmiae
509 1536 550 1568 et
591 1528 782 1582 ejusdem
822 1528 906 1568 loci
946 1528 1190 1568 Conventus
1222 1525 1328 1566 facie
1351 1525 1405 1566 ad
1426 1525 1580 1566 faciem

53 1584 296 1639 magestatis
317 1584 496 1641 gloriam
510 1586 553 1625 in
568 1594 679 1626 terra
700 1585 937 1626 vivencium
960 1585 1145 1625 finaliter
1166 1583 1386 1638 speculari.
1430 1582 1580 1623 Divini

51 1641 258 1696 praecepti
281 1643 553 1696 transgressio
575 1643 730 1697 primos
752 1652 948 1698 parentes
971 1641 1185 1696 originalis
1216 1640 1381 1696 peccati
1404 1640 1578 1681 vulnere

53 1698 112 1739 sic
135 1699 336 1740 sauciavit
359 1709 404 1740 ut
427 1715 482 1740 ex
499 1700 580 1741 hoc
604 1702 643 1740 in
671 1701 777 1741 Adae
800 1700 922 1750 filios,
947 1700 1053 1741 heu!
1077 1714 1247 1753 poenam
1265 1698 1407 1752 duplae
1429 1698 1577 1738 mortis

53 1756 271 1806 traduxit3
319 1772 428 1811 quae,
465 1757 543 1797 nisi
578 1772 651 1811 per
685 1758 842 1799 Christi
878 1766 1075 1806 mortem,
1110 1771 1324 1812 nunquam
1358 1755 1579 1809 redempta

52 1814 212 1858 fuisset.
278 1815 319 1856 O
342 1830 466 1869 quam
489 1815 674 1868 gloriosa
695 1830 805 1856 mors
831 1814 988 1856 Christi
1009 1814 1053 1854 in
1075 1829 1159 1870 qua
1181 1812 1381 1868 baptizati
1404 1827 1546 1853 sumus
1566 1813 1576 1854 l

52 1871 124 1926 qui
156 1872 198 1912 in
233 1872 448 1913 Christum
490 1872 697 1913 credimus
729 1882 771 1913 et
810 1872 979 1927 purgati
1020 1886 1094 1925 spe
1131 1871 1274 1912 salutis
1321 1869 1424 1911 salvi
1477 1869 1577 1911 facti

52 1943 207 1973 sumus,
273 1929 470 1971 Preciosa
485 1945 653 1986 quoque
675 1931 718 1970 in
741 1939 971 1984 conspectu
995 1928 1174 1969 Domini
1195 1942 1308 1968 mors
1330 1935 1575 1968 sanctorum

52 1988 153 2041 ejus.
216 1986 469 2036 Quocontra
502 2003 613 2027 mors
646 1997 916 2042 peccatorum
952 1985 1144 2041 pessima,
1180 1993 1222 2026 et
1258 1999 1354 2025 cum
1389 1999 1475 2025 non
1523 1985 1576 2026 sit

50 2043 180 2084 homo
214 2044 284 2100 qui
318 2060 403 2086 non
437 2045 599 2086 videbit
621 2054 815 2095 mortem,
852 2045 978 2085 timor
1014 2043 1118 2098 ejus,
1154 2042 1302 2098 utique
1346 2056 1402 2083 ex
1437 2041 1574 2096 primo

51 2102 228 2142 crimine
259 2102 459 2152 humano,
496 2103 675 2144 cadebat
709 2102 1038 2143 lamentabiliter
1069 2115 1193 2154 super
1229 2115 1389 2141 omnes.
1452 2099 1578 2140 Dixit

49 2157 180 2211 igitur
195 2159 255 2199 vir
269 2170 452 2209 sanctus,
468 2160 566 2210 Job,
586 2160 749 2201 “timor
762 2161 908 2200 mortis
922 2159 1148 2200 conturbat
1162 2158 1270 2207 me,''
1285 2167 1328 2198 et
1344 2157 1575 2211 Propheta,

51 2223 79 2241 ‘⁶
96 2217 465 2258 circumdederunt
506 2232 572 2258 me
613 2218 779 2257 dolores
821 2217 1008 2265 mortis,''
1040 2230 1135 2270 quae
1167 2229 1317 2255 revera
1347 2230 1370 2254 a
1412 2215 1575 2255 cunctis

50 2274 301 2315 mortalibus
323 2285 384 2315 est
406 2275 660 2329 plangenda.
715 2275 762 2314 In
784 2275 902 2328 cujus
924 2274 1090 2329 signum
1112 2272 1382 2328 antiquorum
1405 2279 1574 2324 patrum

49 2332 127 2372 filii
148 2347 243 2373 cum
262 2347 336 2373 sua
357 2332 578 2387 parentela
595 2331 756 2372 dlucius
780 2346 926 2372 necem
948 2332 1206 2385 planxerunt
1225 2338 1460 2384 paternam,
1477 2343 1574 2370 cum

50 2389 209 2443 populo
231 2389 308 2430 sibi
331 2399 449 2439 noto,
468 2389 574 2430 sicut
592 2390 750 2443 Joseph
765 2389 928 2429 obitum
945 2388 1008 2429 sui
1030 2387 1176 2442 patriS‚
1200 2396 1242 2427 et
1263 2387 1382 2441 plebs
1408 2386 1576 2427 Israeli-

51 2447 135 2488 tica
156 2448 374 2488 decessum
398 2449 543 2487 Aaron
565 2447 625 2487 sui
659 2446 881 2500 pontificis,
965 2446 1070 2494 Nos,
1094 2444 1235 2498 igitur,
1258 2445 1434 2484 istorum
1455 2458 1575 2485 sanc-

51 2512 193 2546 torum
213 2514 382 2559 patrum
404 2504 601 2559 exemplo
616 2504 777 2553 imitati,
793 2512 965 2558 propter
985 2503 1120 2544 fatum
1141 2509 1382 2542 nostrorum
1404 2510 1574 2556 patrum

97 2639 115 2656 ’⁶
142 2636 205 2668 See
221 2636 281 2668 the
297 2636 433 2678 printed
450 2636 639 2679 Catalogue
654 2635 694 2668 of
703 2636 763 2667 the
781 2635 880 2667 MSS.
900 2634 939 2666 of
961 2634 1021 2666 the
1038 2634 1135 2666 Dean
1158 2634 1224 2666 and
1242 2634 1393 2675 Chapter
1418 2632 1458 2664 of
1477 2632 1572 2665 Dur.

48 2679 127 2712 ham
140 2680 210 2721 (fol.
232 2680 347 2720 1825),
372 2692 402 2724 p.
417 2683 493 2712 435.
507 2683 559 2712 tor
575 2692 594 2712 a
610 2682 742 2712 minute
757 2684 899 2713 account
916 2679 955 2711 of
965 2679 1025 2711 the
1040 2678 1116 2710 Roll
1134 2679 1170 2711 of
1186 2679 1292 2710 which
1310 2679 1369 2710 the
1387 2679 1571 2717 supplicate

49 2724 273 2810 ἶὶὲἰέῖξῖῗῃε
297 2726 357 2759 the
384 2725 480 2759 head.
527 2726 604 2759 The
621 2725 765 2769 heading
791 2724 831 2758 of
851 2735 870 2757 a
887 2723 1014 2757 similar
1032 2723 1110 2757 Roll
1126 2723 1153 2757 is
1170 2722 1306 2767 printed
1323 2723 1439 2756 above.
1488 2722 1571 2765 [No.
