1807 2962
450 95 716 128 ROBERTUS
755 96 821 127 DE
860 93 1201 127 GRAYSTANE'S.
1531 86 1595 128 53

0 203 25 264 [
66 201 183 245 vobis
222 203 330 244 viam
362 203 521 252 salutis,
545 210 588 244 et
619 202 799 245 libenter
828 202 992 253 vellem,
1018 210 1063 244 ut
1093 217 1170 257 per
1190 216 1284 242 eam
1314 201 1593 250 incederetis3

66 276 141 302 vos
176 261 442 315 praetenditis
477 261 647 302 frivolas
684 261 995 310 exeusationes,
1037 260 1225 301 dicentes
1248 274 1321 300 vos
1343 259 1539 314 ignorare
1562 261 1595 299 si

59 328 193 373 caput
229 318 445 367 habeatis3
489 328 533 360 et
563 333 645 372 ego
677 318 773 359 dico
796 317 926 368 vobis,
949 318 1064 373 quod
1089 317 1282 359 Priorem
1304 317 1494 366 habetis3
1525 317 1593 357 hic

64 386 128 417 est
157 375 230 430 qui
262 391 500 431 nuncquam
532 376 750 417 vobiscum
772 385 916 425 staret,
941 375 1019 415 nisi
1041 390 1123 429 ego
1144 390 1277 417 essem
1292 375 1331 424 ;’'
1362 375 1499 429 digito
1520 375 1595 415 de-

63 434 315 475 monstravit
352 434 558 483 Priorem,
583 442 626 474 et
645 432 879 488 subjunxit,
911 433 1078 474 “Pecii
1108 448 1135 474 a
1166 432 1284 474 vobis
1315 433 1431 488 quod
1453 432 1593 473 facere

57 491 288 540 -tenemi11i3
312 490 345 531 si
361 492 486 532 vultis
499 491 677 540 solvere,
698 490 883 540 solvatis,
902 489 965 529 sin
987 499 1145 541 autem,
1161 504 1400 546 nuncquam
1424 506 1449 531 a
1465 490 1595 530 modo

61 548 169 589 iilud
191 557 358 603 petam3
393 563 519 603 super
549 549 691 602 capita
723 556 876 589 vestra'
894 548 984 588 sit.''
1049 549 1157 589 Sero
1180 548 1595 602 verorsupplicabant

64 605 235 662 quidam
260 606 411 656 Priori,
435 614 482 646 ut
504 605 577 655 eis,
596 614 774 660 propter
790 605 978 659 pericula
999 605 1211 655 evitanda,
1234 606 1375 660 palam
1393 605 1454 646 eis
1476 620 1595 645 suam

64 664 226 705 diceret
248 664 524 704 voluntatem.
569 662 625 704 Et
643 663 860 717 respondit
880 679 892 711 ;
929 669 957 688 ⁶⁶
976 663 1021 704 Si
1043 672 1214 717 oportet
1235 678 1302 703 me
1323 670 1450 712 stare,
1475 662 1594 703 nullo

62 721 194 762 modo
225 722 347 762 stabo
379 721 489 762 ultra
518 720 716 775 pascha.”
778 721 836 761 Et
850 721 989 761 ,frater
1009 721 1197 775 quidam,
1234 727 1263 746 ‘⁶
1284 719 1329 762 Si
1350 735 1432 761 non
1457 728 1595 774 potest

60 778 184 820 ahter
214 779 321 828 fieri,
346 779 497 819 melius
530 793 555 819 a
586 777 707 818 nobis
737 778 897 819 belium
927 777 1191 828 inchoat-um,
1219 777 1437 834 quomodo
1474 778 1592 818 Deus

63 836 245 877 voluerit
295 835 535 885 terminare,
578 851 705 891 quam
756 835 1043 890 prothelatum
1094 836 1149 877 de
1198 851 1312 877 novo
1362 850 1592 885 resumere,

64 903 109 935 et
129 894 239 935 forte
269 893 477 935 difficilius
510 893 849 934 consummare.’'
912 893 969 933 Et
1014 892 1136 933 Prior
1165 900 1194 920 ‘⁶
1216 893 1361 948 utiquc
1383 893 1440 933 sic
1462 908 1594 947 expe-

63 952 165 1001 dit‚'’
188 960 230 992 et
262 951 302 991 in
334 951 518 992 crastino
551 951 594 990 id
620 951 837 1006 Episcopo
868 950 1115 1003 intimavit.]
1193 952 1328 992 Sexto
1349 950 1478 1006 igitur
1501 951 1593 1015 idus

62 1009 253 1051 ,Ianuarii
294 1008 504 1073 ingressus
548 1009 782 1072 Episcopus
837 1009 1100 1062 Capitulum,
1152 1008 1388 1049 cessionem
1437 1009 1571 1051 P1101
1562 1025 1596 1049 5

63 1066 245 1116 admisit,
270 1066 479 1120 primatus
500 1065 561 1106 sni
585 1081 697 1106 anno
726 1075 879 1122 quarto
905 1067 1070 1106 decimo
1093 1075 1137 1107 et
1169 1066 1448 1107 monachatus
1472 1067 1596 1106 trice-

63 1126 183 1173 simo,
207 1123 475 1178 episcopatus
500 1138 599 1164 xeio
627 1123 825 1178 Episcopi
861 1123 1130 1173 duodecimo,
1167 1139 1279 1164 anno
1322 1138 1423 1164 vero
1445 1126 1594 1177 gratiae

65 1195 304 1231 MCCLXXII,
350 1181 534 1236 fecitque
577 1181 858 1234 provisionem
897 1181 1089 1234 supmius
1120 1191 1384 1246 annotatam,
1428 1181 1597 1235 adjecto

63 1239 197 1280 veteri
220 1239 286 1278 viv
290 1239 380 1279 alio
402 1239 455 1279 de.
484 1239 658 1287 Ketton,
679 1238 800 1292 signo
822 1254 899 1279 suo
921 1249 974 1279 et
983 1239 1179 1293 C2<1pituli
1183 1240 1406 1293 consinon·
1399 1253 1473 1288 21¹1,
1497 1254 1598 1280 cous³

58 1298 386 1352 rsingnatamque
408 1306 445 1338 tl
448 1296 516 1337 idi
531 1296 657 1350 jussit
685 1297 743 1337 H.
770 1295 921 1339 Pr‚iori

262 1716 363 1745 CAP.
399 1715 481 1743 XII,
546 1715 603 1741 DE
638 1716 714 1742 HIS
749 1716 853 1748 QUAE
887 1717 1088 1745 FIEBANT
1122 1717 1391 1744 VACATIONl-s·

707 1774 945 1801 TEMPORE.

564 1882 662 1924 [MS.
681 1882 763 1925 Cap.
790 1892 900 1915 chv.
917 1882 941 1915 f.
966 1884 1029 1915 188
1048 1885 1066 1915 b
1084 1885 1094 1924 ]

124 1992 349 2048 Expeditis
370 1993 733 2048 praecedentibus,
760 2002 805 2034 ut
827 1993 987 2035 dictum
1012 2003 1089 2045 est,
1115 1996 1298 2036 surrexit
1320 1994 1491 2050 quidam
1516 1994 1598 2034 fra-

62 2059 142 2100 ter,
164 2051 377 2106 Episcopo
395 2067 632 2092 sermonem
648 2051 847 2107 dirigens,
868 2051 908 2091 in
924 2052 1016 2092 haec
1040 2053 1181 2094 verba.
1218 2059 1246 2078 ⁶⁶
1261 2052 1463 2100 Domine,
1489 2052 1597 2091 mul-

63 2118 155 2149 tum
177 2109 460 2164 regraciamur
475 2110 592 2151 vobis
609 2109 663 2150 de
685 2109 924 2158 dilectione,
942 2125 1067 2164 quam
1093 2110 1259 2151 habetis
1281 2114 1347 2160 [et
1370 2109 1596 2160 habuistis]

64 2181 164 2221 erga
184 2182 260 2207 nos
279 2182 290 2215 3
314 2176 356 2208 et
376 2182 589 2221 rogamus,
614 2175 661 2207 ut
683 2167 724 2206 in
746 2167 873 2207 finem
897 2182 972 2207 nos
994 2167 1193 2221 diligatis.
1257 2168 1406 2221 [Nunc
1427 2166 1598 2207 dilecci-

63 2238 146 2265 one
173 2234 317 2265 vestra
347 2234 390 2265 et
422 2225 580 2266 auxilio
613 2224 744 2277 magis
778 2223 1029 2280 mdiu-emus,
1065 2225 1161 2266 ideo
1197 2235 1383 2265 vestrum
1414 2233 1494 2273 est,
1520 2238 1597 2263 nos

63 2281 192 2322 modo
214 2282 322 2322 tueri
345 2292 392 2323 ut
413 2283 535 2331 filios,
560 2292 601 2322 et
619 2282 777 2331 fovere,
803 2291 848 2322 ut
870 2297 895 2322 a
913 2282 1010 2323 Deo
1033 2283 1274 2323 meicedem
1301 2297 1431 2345 iepox
1436 2281 1531 2322 tetis
1554 2290 1596 2320 et

63 2353 89 2379 a
110 2339 269 2379 mundo
293 2340 499 2380 honoiem
509 2340 569 2394 .]’'
608 2339 847 2394 Episcopus
870 2354 973 2380 vero
995 2340 1256 2393 insmgendo
1278 2354 1336 2379 Slc
1358 2337 1593 2392 respondit.

62 2402 93 2422 ⁴⁶
112 2396 207 2452 Ego
231 2396 407 2437 multam
428 2411 652 2452 perpessus
674 2411 763 2436 sum
789 2396 1060 2450 ignominiam
1093 2406 1137 2437 et
1169 2397 1432 2450 despectum,
1468 2410 1595 2449 super

61 2468 208 2494 omnes
232 2454 561 2507 praedecessores
585 2468 734 2494 meos·
724 2484 734 2502 ,
773 2466 815 2494 et
839 2454 1007 2494 habebo
1029 2453 1243 2503 emendas,
1267 2468 1364 2494 cum
1385 2453 1596 2493 Dominus

65 2511 289 2554 voluerit?
351 2511 439 2551 Vix
462 2511 696 2565 Episcopus
718 2524 794 2565 poi
798 2521 882 2552 tam
905 2526 1022 2551 efflei
1025 2520 1101 2559 at
1125 2521 1166 2551 et
1188 2525 1289 2551 ecce
1310 2510 1597 2551 seneschallus

69 2568 285 2623 Episcopi,
310 2569 470 2610 ducens
501 2583 641 2609 secum
674 2568 893 2609 dominum
938 2568 998 2609 W.
1029 2568 1209 2624 Wytebi,
1233 2567 1598 2609 constabularium

62 2625 205 2675 castri,
228 2626 442 2668 advocatis
465 2625 718 2682 quibusdam
740 2624 966 2675 officiariis,
1005 2626 1062 2667 sic
1097 2625 1168 2669 ait.
1232 2632 1261 2652 ‘⁶
1289 2626 1419 2667 Istum
1440 2625 1599 2666 consti-

64 2683 149 2724 tuit
168 2684 366 2725 dominus
396 2699 514 2725 meus
538 2683 774 2738 Episcopus
796 2684 1017 2725 custodem
1040 2684 1192 2725 domus
1213 2683 1353 2738 hujus,
1367 2684 1465 2724 loco
1493 2682 1598 2724 sui.’'

69 2741 122 2782 ln
153 2741 337 2784 crastino
379 2742 564 2792 veniens,
598 2742 756 2783 vocatis
790 2755 892 2782 vero
927 2742 1158 2797 Suppriore
1190 2752 1234 2784 et
1264 2741 1354 2783 aliis
1390 2740 1598 2783 officiariis

776 2813 803 2839 υ
827 2802 851 2839 3
