1807 2962
203 122 268 164 50
509 128 644 162 msT.
684 126 921 160 DUNELM.
951 123 1258 158 SCRIPTORES
1284 124 1422 156 raus.

144 234 171 297 [
209 238 330 280 vobis
366 235 634 280 exhibuimus
656 233 949 283 reverentiam,
993 247 1118 289 quam
1160 231 1282 274 alteri
1322 231 1598 274 faceremus.”
1665 227 1736 270 Ad

208 297 302 337 haec
327 296 580 351 Episcopu5‚
615 299 643 319 “
662 292 830 334 Falsum
862 300 940 340 est,
979 290 1176 346 quoniam
1208 304 1281 330 vos
1304 288 1504 330 tenemini
1542 288 1736 343 profiteri

209 368 351 395 coram
375 367 455 401 me,
478 361 522 394 et
550 351 794 406 frequenter
817 363 888 390 vos
909 348 1067 397 monui,
1090 363 1167 402 per
1206 347 1350 388 literas
1383 355 1426 387 et
1456 345 1619 387 medias
1640 359 1736 399 per-

210 426 347 461 sonas,
369 419 417 452 ut
436 410 519 451 hoc
538 408 744 457 faceretis,
766 406 840 448 sed
862 420 1029 460 semper
1048 404 1344 446 inobedientes
1362 402 1512 453 fuistis,
1534 412 1576 444 et
1598 402 1737 444 adhuc

212 468 310 510 estis
329 484 339 517 ;
371 466 539 509 creditis
563 481 636 507 ros
655 465 811 506 habere
839 464 1028 504 Priorem
1050 462 1103 503 de
1125 461 1333 502 monacho
1355 476 1440 501 non
1463 460 1652 515 professo
1666 460 1738 510 ?”}
1798 485 1807 503 ι,

216 526 459 581 Respondit
489 523 660 565 sacrista
688 537 731 564 se
753 536 992 577 nuncquam
1013 520 1287 561 monitionem
1310 518 1493 574 aliquam
1514 516 1741 559 audivisse-

220 580 278 625 Εἰ
306 584 418 625 facta
457 580 730 623 altercatione
761 579 875 620 inter>
901 578 1076 619 clericos
1100 575 1302 632 Episcopi
1333 587 1377 617 et
1407 576 1636 625 sacristam,
1660 574 1740 614 illis

216 641 499 695 allegantibus
520 639 601 679 hoc
623 638 712 679 fieri
735 638 776 678 in
800 637 995 678 omnibus
1014 635 1198 676 ecclesiis
1217 633 1540 676 Cathedralibus
1556 631 1740 686 Angliae‚

217 698 290 739 ubi
325 698 491 739 Priores
522 697 701 737 subsunt
735 693 968 749 Episcopis,
993 693 1084 748 ipso
1105 708 1129 734 e
1151 706 1355 734 converso
1376 691 1588 745 allegante
1611 689 1743 730 eccle-

219 756 323 798 siam
347 755 680 796 Dunolmensem
716 753 770 794 ad
801 752 883 793 hoc
908 766 993 791 non
1027 750 1175 800 teneri,
1209 765 1260 790 eo
1291 748 1406 805 quod
1431 747 1554 788 Prior
1577 746 1743 788 Dunola-

219 815 388 863 mensis,
420 827 476 854 ex
506 809 743 866 privilegio,
775 809 875 863 jura
912 809 1091 849 Abbatis
1126 808 1325 854 habebat,
1362 805 1554 862 quamvis
1584 819 1744 846 nomen

221 870 394 920 Prior-is,
427 881 472 911 et
502 869 556 910 ad
589 869 780 910 Abbates
820 867 1003 922 pertinet
1031 865 1315 920 professiones
1346 863 1569 905 admittere
1601 877 1746 903 mona-

220 929 428 976 cl‘iorum3
461 927 503 967 in
530 925 726 975 crastino,
749 938 865 974 vero,
890 938 1023 973 mane,
1055 922 1166 963 misit
1190 921 1425 977 Episcopus
1447 920 1561 975 apud
1585 919 1746 961 Dunel-
1806 924 1807 971 ᾗ

220 1001 336 1027 mum
358 985 530 1026 fratrem
554 986 594 1025 A
611 983 664 1023 de
681 982 871 1036 Clyfton‚
889 981 1110 1034 magistros
1131 980 1421 1021 Alexandrum
1444 979 1497 1019 de
1513 978 1747 1019 Alvertone

223 1052 270 1084 et
293 1042 522 1083 Ricardum
554 1041 608 1081 de
633 1039 855 1088 Bradwell,
889 1048 931 1080 et
951 1039 1170 1079 dominum
1195 1037 1406 1077 Thomam
1429 1036 1483 1077 de
1506 1034 1749 1083 Leusham;
1806 1078 1807 1090 ἵ

224 1101 312 1156 qui,
346 1098 588 1140 convocatis
619 1097 831 1144 fratribus,
859 1103 1153 1151 exposuerunt
1174 1094 1235 1135 eis
1258 1095 1522 1135 voluntatem
1546 1092 1750 1147 Episcopi
1806 1107 1807 1118 ³

223 1172 350 1213 super
372 1155 619 1211 praemissis3
652 1162 873 1196 monentes
903 1168 991 1201 eos,
1015 1161 1058 1193 et
1078 1160 1291 1206 rogantes,
1316 1160 1364 1193 ut
1393 1151 1434 1191 in
1457 1150 1539 1192 hoc
1560 1150 1750 1191 difficiles

224 1231 268 1256 se
304 1229 391 1255 non
427 1214 687 1260 redderent3
721 1217 836 1265 [cum
868 1212 950 1251 1100
972 1210 1179 1251 deberent
1200 1210 1338 1250 facere
1361 1216 1446 1249 tam
1481 1209 1534 1249 de
1572 1221 1752 1248 consue·
1806 1215 1807 1219 ’

228 1272 375 1313 tudine
409 1280 599 1325 optenta,
638 1279 829 1324 tempore
867 1269 1098 1310 multorum
1134 1267 1494 1323 praedecessorum
1536 1264 1752 1320 Episcopi,

225 1344 350 1386 quam
383 1343 458 1383 per
488 1329 528 1369 le
565 1328 822 1375 CONVENIT,
860 1327 969 1367 inter
1006 1325 1265 1380 Episcopum
1295 1334 1339 1366 et
1379 1323 1639 1378 Capitulum,
1674 1337 1752 1364 nec
1806 1326 1807 1365 1

226 1402 303 1443 per
320 1387 400 1427 hoc
422 1386 685 1427 decresceret
701 1385 760 1425 eis
784 1399 861 1425 nec
882 1391 1136 1425 accresseret
1170 1382 1405 1437 Episcopo,
1423 1392 1465 1422 et
1487 1381 1618 1421 sithoc
1640 1381 1752 1422 face-
1806 1402 1807 1409 ¹

224 1453 335 1494 rent,
379 1444 615 1485 invenirent
649 1457 746 1483 eum
787 1441 827 1481 in
868 1442 1032 1482 caeteris
1075 1440 1346 1494 graciosum]
1412 1438 1575 1480 Habito
1623 1438 1757 1495 igitur

227 1510 423 1550 tractatu,
446 1501 560 1555 prius
583 1499 893 1554 responderunt
914 1499 1173 1547 Conventus,
1193 1498 1308 1553 quod
1322 1497 1458 1551 parati
1476 1505 1596 1537 erant
1612 1496 1754 1538 facere
1806 1497 1807 1522 ῐ

227 1559 428 1615 quicquid
461 1558 689 1598 debebant.
756 1556 811 1596 Et
845 1555 944 1612 quia
976 1556 1017 1595 in
1052 1556 1090 1595 le
1124 1555 1381 1604 CONvENrr,
1416 1553 1754 1606 [continebatur]

229 1616 345 1673 quod
381 1615 592 1664 monachi,
635 1614 748 1654 facta
784 1613 897 1667 prius
931 1612 1189 1666 professione
1223 1626 1365 1653 coram
1408 1610 1568 1661 Priore,
1607 1620 1756 1665 postea

230 1675 438 1716 deberent
469 1672 646 1713 eandem
674 1685 816 1712 coram
840 1670 1053 1725 Episcopo
1079 1669 1311 1727 [recitare],
1335 1677 1376 1709 et
1409 1668 1462 1708 ab
1494 1684 1545 1709 eo
1576 1669 1757 1724 solemp-
1806 1679 1807 1682 ’

230 1746 329 1774 nem
360 1729 705 1771 benedictionem
737 1729 945 1782 accipere,
978 1727 1181 1769 dixerunt
1202 1727 1316 1782 quod
1349 1726 1531 1766 libenter
1551 1726 1756 1777 facerent,
1806 1726 1807 1730 ¹

233 1788 469 1829 dummodo
490 1787 670 1828 formam
701 1786 744 1826 in
766 1785 923 1840 scripto
945 1785 1142 1826 traditam
1165 1800 1251 1825 non
1274 1783 1543 1833 excederent,
1567 1798 1644 1825 nec
1665 1800 1758 1825 mu-
1806 1795 1807 1801 ¹

232 1855 374 1887 tarent
390 1861 399 1886 ε
423 1854 466 1885 et
484 1844 565 1885 hoc
582 1843 620 1884 ei
637 1858 715 1897 per
732 1858 828 1884 suos
845 1843 1012 1883 mittere
1030 1843 1268 1883 voluerunt.
1317 1840 1494 1882 Nunciis
1511 1856 1615 1895 ergo
1634 1842 1758 1896 Epis--

233 1903 338 1957 copi
360 1903 414 1943 ad
437 1902 574 1956 ipsum
613 1916 707 1942 cum
740 1900 896 1954 gaudio
918 1907 1092 1953 propter
1119 1898 1438 1954 responsionem
1464 1898 1758 1949 redeuntibus,

234 1961 466 2001 missisunt
487 1959 541 2000 ad
574 1963 692 2009 [eum
720 1958 772 2001 R.
797 1957 851 1998 de
874 1956 1080 2013 Medeley
1117 1966 1159 1997 et
1193 1956 1250 1999 H.
1286 1956 1338 1997 de
1378 1955 1657 2007 Horncaster‚
1696 1956 1760 1999 W.
1805 1965 1807 1997 i

235 2019 289 2058 de
331 2017 539 2058 Gretham
577 2024 620 2056 et
654 2015 854 2069 magister
889 2016 927 2056 A
949 2014 1002 2055 de
1025 2013 1368 2068 Derlingtone]3
1401 2013 1472 2069 qui
1493 2013 1530 2055 ei
1552 2013 1759 2064 dicerent,
1806 2045 1807 2049 ,

235 2075 351 2130 quod
378 2075 623 2116 Conventus
653 2081 822 2127 paratus
844 2082 935 2112 erat
956 2070 1260 2126 professionem
1298 2085 1413 2111 suam
1446 2085 1588 2112 coram
1610 2086 1663 2112 eo
1694 2086 1762 2112 re-

236 2133 391 2186 cipere,
430 2142 472 2172 et
500 2130 845 2171 benedictionem
875 2129 1135 2182 solempnem
1159 2128 1350 2182 accipere
1372 2143 1384 2177 3
1406 2128 1481 2169 sed
1502 2128 1677 2170 chorum
1701 2129 1762 2169 in-

236 2189 356 2244 gredi
380 2204 462 2228 non
486 2188 698 2238 cucullati,
722 2196 764 2228 et
787 2187 845 2227 ibi
866 2186 920 2227 ab
942 2201 993 2226 eo
1015 2185 1153 2235 indui,
1170 2194 1212 2226 et
1234 2185 1291 2226 sic
1313 2200 1391 2241 per
1412 2185 1600 2226 triduum
1623 2186 1762 2228 velata
1806 2182 1807 2223 l

237 2247 345 2286 facie
368 2246 579 2295 incedere,
598 2245 717 2300 quasi
739 2244 854 2285 nulla
876 2251 986 2284 esset
1010 2243 1075 2283 vel
1089 2242 1222 2283 inanis
1237 2242 1439 2297 professio
1453 2257 1602 2284 eorum
1619 2257 1762 2285 coram

242 2303 390 2344 Priore
412 2303 534 2352 facta,
560 2301 748 2358 quamvis
770 2301 904 2356 ipsum
931 2300 1013 2340 hoc
1036 2300 1143 2341 velle
1161 2300 1398 2349 crederent,
1432 2300 1473 2340 id
1497 2300 1614 2341 nullo
1631 2302 1760 2343 modo

238 2361 377 2402 facere
405 2360 640 2401 voluerunt.
693 2359 946 2412 [Rogabant
968 2356 1110 2408 etiam,
1134 2357 1248 2412 quod
1269 2357 1376 2398 sicut
1398 2356 1476 2411 ipsi
1492 2357 1627 2411 parati
1643 2368 1763 2401 erant

239 2418 439 2459 articulos
471 2417 511 2457 in
543 2417 582 2457 le
608 2417 851 2457 CONVENIT
873 2426 1096 2455 contentos
1119 2416 1354 2462 observare,
1376 2415 1464 2469 ipse
1485 2414 1683 2456 articulos
1705 2431 1761 2456 ex

240 2486 361 2529 parte
393 2490 468 2515 sua
500 2474 674 2515 omissos
710 2473 952 2526 corrigeret,
987 2481 1030 2512 et
1064 2472 1118 2513 de
1154 2481 1311 2513 caetero
1341 2472 1498 2513 faceret
1529 2473 1758 2516 observari.
1805 2480 1807 2494 '

243 2533 340 2574 Istis
374 2531 542 2580 auditis,
578 2530 746 2571 subrisit
787 2529 1035 2585 Episcopus,
1059 2530 1219 2580 dicens,
1256 2536 1283 2556 ‘⁶
1299 2530 1332 2569 si
1353 2538 1636 2584 apponeretur
1657 2531 1757 2575 mihi

242 2589 448 2629 ferculum
482 2588 725 2637 delicatum,
760 2588 918 2642 absque
952 2587 1238 2636 condimento,
1261 2601 1347 2627 non
1369 2586 1635 2628 obmitterem
1658 2588 1760 2643 quin
1805 2599 1807 2618 ἓ

243 2646 509 2687 comederem
529 2660 539 2693 3
559 2645 688 2697 magis
712 2645 896 2698 placeret
912 2644 944 2683 si
962 2644 1277 2685 condimentum
1297 2644 1487 2685 haberet.
1530 2645 1618 2685 Vos
1637 2645 1766 2687 vultis
1805 2653 1807 2680 ἱ

243 2703 400 2743 habere
420 2702 624 2742 ferculum
643 2701 732 2742 sine
749 2702 1036 2751 condimento,
1056 2711 1112 2751 et,
1131 2716 1186 2742 ex
1202 2716 1287 2756 quo
1305 2702 1423 2742 vobis
1442 2702 1592 2754 placet,
1611 2702 1763 2744 sufficit
1804 2688 1807 2741 i

243 2758 383 2798 mihi.''
448 2759 497 2800 In
531 2757 709 2799 crastino
740 2772 852 2807 vero,
886 2757 927 2798 in
959 2771 1123 2809 aurora,
1149 2758 1306 2800 vocatis
1329 2758 1490 2800 nunciis
1514 2773 1655 2800 coram
1677 2760 1760 2802 cle·
1805 2746 1807 2797 l

1804 2823 1807 2875 i
