1807 2962
460 151 732 183 APPENDIX.
776 150 892 181 ANN.
922 149 1175 182 mccccxt.
1472 134 1591 182 cclix

59 268 337 302 executorum
375 273 583 309 meorum,
619 258 776 314 aliquid
815 257 870 299 de
905 257 1028 298 bonis
1065 256 1167 297 meis
1201 270 1342 297 emere
1365 255 1591 306 voluerint,

57 320 169 360 bene
191 319 316 360 liceat
338 333 390 359 ea
407 332 575 366 emere3
609 317 667 358 ita
688 316 803 372 quod
824 331 904 371 pro
925 317 985 356 eis
1007 315 1142 356 solvat
1158 324 1322 355 tantum
1342 313 1382 353 in
1402 314 1593 354 manibus

56 385 260 433 quantum
297 376 367 417 alii
403 391 482 431 pro
518 375 678 416 eisdem
723 375 885 415 solvere
921 374 1148 422 voluerint,
1185 372 1343 427 absque
1381 371 1496 421 dolo¹
1519 387 1591 412 seu

53 435 219 476 fraude.
282 435 390 476 Item
414 434 471 474 do
492 442 533 474 et
554 433 651 487 lego
669 433 798 474 bonae
820 442 864 474 et
885 429 1167 473 dilectissimae
1190 429 1290 470 filiae
1309 445 1415 470 meae
1435 429 1591 470 Alasiae

60 492 300 534 Comitissae
346 493 495 534 Sarum
534 506 667 531 ⁴unum
705 490 877 546 ciphum
921 489 1021 539 auri²
1059 503 1186 544 quem
1222 487 1422 529 Johanna
1454 501 1592 540 nuper

58 550 226 607 Regina
249 550 417 607 Angliae
454 548 556 590 mihi
590 548 723 590 dedit.
788 548 898 589 Item
936 548 992 588 do
1016 557 1059 588 et
1082 547 1179 600 lego
1199 546 1387 587 Johanni
1416 545 1591 586 Archie-

54 610 228 664 piscopo
273 606 534 649 Eboracensi
580 621 708 647 unum
746 606 912 647 missale
946 614 1193 659 coopertum
1232 618 1326 644 cum
1364 603 1486 657 nigro
1518 603 1592 644 ‹la-

53 681 210 707 masco.
272 667 383 707 Item
421 666 480 707 do
503 675 545 706 et
568 665 664 719 lego
701 665 896 705 Roberto
938 663 1151 718 Episcopo
1176 661 1473 711 Dunelmensi‚
1498 661 1589 702 filio

53 739 164 774 meo,
188 739 317 765 unum
340 723 511 778 ciphum
536 723 589 764 de
612 737 716 764 auro
738 737 833 763 cum
853 722 989 777 perles
1012 721 1054 762 in
1077 721 1333 762 summitate.
1400 720 1509 760 Item
1531 719 1589 760 do

53 791 97 823 et
119 782 216 837 lego
238 782 445 837 praedicto
467 781 693 821 Willielmo
718 780 904 821 Domino
926 780 980 820 de
1007 779 1336 832 Faucomberge,
1360 777 1448 818 filio
1480 792 1587 826 nieo‚

54 849 138 881 tres
157 840 297 895 pecias
319 840 445 895 panni
468 839 521 880 de
544 854 701 887 arrace,
725 847 768 879 et
791 853 922 878 unum
944 838 1057 878 holle
1075 846 1322 891 argenteum
1347 845 1390 876 et
1412 835 1591 876 deaura-

53 907 159 942 tum.
226 899 332 939 Item
356 898 411 938 do
434 905 475 938 et
497 898 594 951 lego
616 896 822 952 praedicto
845 895 1039 949 Georgio
1060 895 1248 936 Domino
1270 895 1323 935 de
1347 894 1587 949 Latymere‚

52 956 143 997 filio
180 971 274 997 meo
308 956 417 997 duos
449 956 581 996 lectos
620 969 715 996 cum
747 954 921 995 costeris
942 954 1098 994 eisdem
1132 953 1457 1008 pertinentibus,
1483 952 1592 992 exis-

53 1022 192 1055 tentes
214 1014 329 1069 apud
356 1013 650 1062 Shirefhoton,
674 1022 716 1054 et
738 1027 866 1052 unum
890 1026 1008 1066 cowp
1031 1012 1162 1052 altum
1186 1020 1433 1064 argenteum
1458 1011 1590 1050 deau-

50 1081 191 1112 ratum
240 1081 282 1113 et
317 1082 585 1126 coopertum.
653 1071 760 1111 Item
814 1070 871 1111 do
906 1079 947 1110 et
985 1071 1082 1124 lego
1116 1069 1321 1124 praedicto
1376 1068 1587 1109 Edwardo

53 1129 246 1171 Domino
275 1130 567 1184 Bergevenny,
592 1128 679 1169 filio
702 1143 810 1177 meo,
835 1143 964 1168 unum
983 1128 1152 1182 ,poteler
1172 1141 1422 1181 argenteum
1461 1127 1589 1167 deau-

51 1198 205 1231 ratum.
273 1188 380 1228 Item
405 1188 502 1227 volo
520 1187 633 1242 quod
657 1186 710 1227 de
732 1186 853 1227 bonis
876 1185 981 1227 meis
997 1195 1203 1226 trecentae
1221 1200 1373 1225 marcae
1391 1185 1590 1238 sterling-

52 1261 172 1286 orum
218 1245 452 1286 liberentur
495 1244 535 1285 in
576 1259 724 1286 manus
762 1253 803 1285 et
840 1244 1141 1298 possessionem
1178 1243 1359 1283 filiorum
1399 1257 1590 1283 meorum

54 1303 227 1344 R1cardi
254 1303 431 1344 Comitis
453 1303 602 1343 “arum
626 1311 667 1344 et
692 1302 865 1356 Georgii
893 1301 1066 1342 Domini
1097 1302 1150 1341 de
1177 1302 1404 1356 Latyn’ee
1445 1311 1489 1341 ut
1512 1300 1587 1355 ipsi

51 1361 215 1402 solvant
240 1361 394 1402 Mariae
415 1360 514 1400 filiae
539 1376 645 1402 meae
669 1360 815 1415 viginti
842 1360 966 1400 libras
990 1359 1202 1400 annuatim
1229 1374 1304 1413 pro
1322 1359 1589 1399 exhibicione

53 1434 129 1460 sua
163 1434 384 1475 quousque
422 1418 537 1459 dicta
572 1433 736 1459 summa
772 1418 828 1458 sic
863 1419 1144 1472 expendatur.
1209 1417 1331 1457 Tunc
1354 1418 1451 1457 volo
1472 1417 1588 1472 quod

53 1477 156 1518 dicti
179 1476 252 1517 filii
275 1478 356 1518 mei
380 1477 432 1517 de
458 1476 627 1517 residuo
650 1476 777 1517 dietae
800 1491 976 1516 summae
998 1491 1076 1530 pro
1099 1475 1237 1516 anima
1252 1491 1344 1515 mea
1361 1476 1589 1531 disponant

54 1544 96 1576 et
119 1535 372 1576 distribuant
395 1535 434 1575 in
458 1535 655 1589 operibus
678 1533 920 1577 caritativis.
989 1534 1093 1575 Item
1114 1533 1210 1574 volo
1226 1534 1340 1589 quod
1360 1549 1453 1573 cum
1472 1535 1587 1573 omni

53 1593 332 1634 festinacione
365 1602 460 1648 post
493 1593 710 1633 decessum
746 1607 887 1632 meum
919 1600 1170 1632 executores
1204 1593 1283 1631 mei
1318 1593 1505 1632 vendant
1536 1591 1590 1631 de

52 1651 173 1691 honis
196 1651 296 1691 meis
319 1666 381 1700 ea,
405 1666 500 1706 quse
524 1651 651 1691 cicius
667 1660 709 1691 et
727 1649 991 1690 com-modius
1007 1650 1129 1690 vendi
1153 1660 1367 1702 poterunt,
1388 1659 1429 1690 et
1448 1650 1502 1690 de
1516 1650 1589 1690 de-

52 1709 180 1750 nar-iis
202 1708 298 1749 inde
321 1708 666 1763 provenientibus
689 1708 835 1749 debita
856 1723 952 1748 mea
971 1717 1013 1748 et
1037 1708 1228 1761 praedicti
1252 1708 1411 1748 domini
1451 1708 1587 1748 mariti

53 1768 137 1808 mei
174 1766 485 1822 persolvantur.
551 1767 657 1807 Item
696 1766 753 1807 do
789 1775 831 1807 et
868 1766 966 1820 lego
999 1766 1181 1806 Johanni
1228 1766 1421 1821 Whixley
1461 1781 1586 1806 unum

52 1825 224 1879 ciphum
257 1833 507 1880 argenteum
532 1824 779 1865 deauratum
803 1833 845 1864 et
869 1834 1133 1879 coopertum.
1199 1824 1305 1865 Item
1330 1824 1385 1864 do
1418 1834 1460 1865 et
1492 1825 1589 1878 lego

53 1883 266 1924 Johannae
301 1882 397 1922 filiae
421 1882 601 1937 predicti
631 1882 838 1922 Willielmi
866 1882 1038 1922 Domini
1063 1882 1116 1922 de
1143 1882 1463 1936 Faucomberge
1486 1898 1586 1923 cen-

53 1950 142 1982 tum
175 1955 335 1980 marcas
360 1940 657 1994 sterlingorum
682 1940 734 1981 ad
759 1939 1039 1994 maritagium,
1064 1939 1095 1980 si
1119 1941 1267 1981 eadem
1305 1940 1502 1981 Johanna
1533 1941 1588 1981 ad

53 2014 187 2040 annos
211 1999 374 2039 nubiles
396 1998 635 2053 pervenerit
658 2007 698 2039 et
722 2013 803 2039 una
827 1998 1026 2039 heredum
1052 1998 1197 2039 matris
1214 2013 1303 2039 suae
1333 2013 1414 2038 non
1443 1998 1588 2040 suerit.

60 2057 165 2097 Item
180 2056 236 2097 do
258 2057 406 2111 etlego
421 2056 680 2097 Elizabethae
701 2056 925 2111 Stanhopp
945 2071 1075 2096 unum
1094 2056 1264 2112 ciphum
1281 2057 1445 2111 argenti
1459 2058 1591 2097 deau-

53 2124 206 2155 ratum.
272 2115 379 2155 Item
402 2115 457 2155 do
480 2123 521 2155 et
561 2114 657 2168 lego
681 2114 939 2169 Margaretae
965 2115 1156 2171 Langley
1179 2130 1308 2155 unum
1333 2115 1500 2168 ciphum
1526 2130 1593 2155 ar-

54 2172 171 2226 genti
205 2173 469 2213 deauratum.
534 2173 648 2213 Item
668 2172 765 2212 volo
794 2174 907 2228 quod
931 2172 1164 2213 servientes
1184 2172 1262 2212 mei
1288 2173 1472 2212 nondum
1492 2188 1591 2227 pro-

53 2231 161 2270 moti
196 2229 236 2270 in
273 2229 359 2270 vita
393 2245 486 2270 mea
522 2230 636 2285 quod
670 2240 994 2270 remunerentur
1025 2230 1254 2270 secundum
1289 2230 1586 2270 discretionem

54 2295 331 2328 executorum
370 2302 558 2327 meorum
592 2287 644 2327 ad
677 2302 881 2328 summam
916 2296 1084 2327 centnm
1118 2302 1351 2328 marcarum
1371 2288 1487 2328 inter
1519 2304 1592 2328 eos

55 2345 343 2387 dividendam.
409 2345 516 2385 Item
548 2345 604 2384 do
627 2354 670 2385 et
691 2345 786 2400 lego
808 2345 860 2384 ad
884 2344 1220 2385 distribuendum
1245 2359 1319 2398 per
1340 2355 1590 2386 executores

54 2417 187 2452 παρος,
219 2402 452 2442 secundum
486 2416 630 2442 eorum
668 2402 987 2451 discrecionem,
1012 2402 1123 2443 inter
1153 2417 1359 2456 ‘pauperes
1395 2413 1589 2443 tenentes

54 2476 188 2510 meos,
223 2470 393 2501 centum
416 2474 576 2514 mareas
598 2460 895 2513 sterlingorum
921 2460 972 2500 de
995 2460 1123 2500 firmis
1148 2461 1249 2500 meis
1274 2460 1397 2500 michi
1421 2462 1588 2502 debitis.

61 2519 169 2559 Item
193 2518 249 2558 do
271 2528 314 2558 et
336 2517 433 2571 lego
455 2526 637 2572 quatuor
660 2517 876 2557 ordinibus
899 2518 1090 2557 Fratrum
1109 2516 1289 2558 civitatis
1312 2518 1590 2560 Eboracensis

55 2576 229 2617 cuilibet
266 2576 507 2617 Conventui
547 2575 692 2631 viginti
729 2575 899 2615 solidos.
967 2575 1072 2616 Item
1111 2576 1167 2615 do
1204 2584 1246 2616 et
1283 2575 1380 2629 lego
1416 2577 1592 2622 cuilibet

61 2635 301 2675 Conventui
327 2634 520 2674 Fratrum
547 2632 585 2672 in
609 2634 812 2672 comitatu
837 2633 1091 2673 Eborncensi
1115 2642 1155 2673 et
1187 2632 1439 2687 Episcopatu
1467 2635 1591 2676 Dun-

58 2691 230 2732 elmensi
268 2691 489 2731 tresdecim
513 2690 669 2730 solidos
692 2698 733 2730 et
754 2690 1156 2746 quatuordenarios.
1221 2691 1328 2732 Item
1348 2691 1404 2731 do
1433 2703 1471 2732 et
1494 2693 1589 2747 lego

58 2749 230 2789 cuilibet
267 2748 410 2789 domui
446 2748 698 2789 Monialium
737 2748 1010 2803 praefatorum
1031 2748 1256 2789 comitatus
1289 2758 1332 2789 et
1368 2749 1586 2790 dioceseos

60 2806 284 2847 tresdecim
327 2806 483 2847 solidos
516 2815 556 2846 et
591 2817 775 2861 quatuor
807 2806 1017 2846 denarios.
1083 2807 1192 2847 Item
1226 2807 1280 2846 do
1314 2807 1410 2862 lego
1445 2808 1587 2863 viginti

790 2877 813 2903 ιι
841 2867 865 2903 2
1488 2862 1503 2865 ”
