1807 2962
538 111 816 143 APPENDIX.
840 111 960 141 ANN.
990 109 1207 141 MCCXIV.
1482 100 1638 146 xxxvii

92 218 177 261 “tris
195 218 390 260 defuncti
413 233 489 273 per
511 232 602 259 xxx
625 218 716 259 dies
738 216 907 267 cotidie,
933 225 1030 272 post
1054 218 1117 257 vel
1141 227 1241 258 ante
1263 217 1511 272 capitulum,
1538 237 1634 263 cum

89 291 144 318 *VI
166 278 351 332 psalmis,
376 276 534 318 scilicet
561 277 692 318 Verba
709 291 810 326 mea,
834 276 922 325 &c.‚
939 290 1034 315 cum
1058 276 1159 316 Voce
1175 290 1264 316 mea
1280 285 1322 317 et
1340 278 1532 320 oratione
1552 282 1634 321 Ab-

99 337 207 376 solve
221 351 237 383 ,·
269 334 500 388 subjunctis
524 337 642 376 Deus
672 335 786 386 σῆψις
815 336 1079 375 miseracione
1102 342 1143 374 et
1165 335 1367 375 Fidelium
1391 336 1514 379 Dens.
1580 338 1631 378 In

98 392 322 433 redeundo
344 401 486 433 autem
509 392 654 433 dicant
678 393 879 432 IVIz‘serere
900 394 989 440 mei,
1016 393 1144 439 Deus,
1169 406 1264 431 cum
1288 392 1479 434 oratione
1502 396 1633 436 Satis-

84 452 243 503 faciat.
313 450 433 491 Idem
455 465 557 491 vero
579 449 792 498 sacerdos,
819 449 899 499 vel,
924 448 989 489 cui
1007 448 1192 502 jusserit,
1217 464 1301 490 XIII
1326 465 1534 505 pauperes
1557 468 1633 506 per

96 507 284 550 hostium
305 518 423 549 retro
444 507 563 549 chori
584 507 843 548 introducat.
931 506 1063 553 Quod
1086 514 1129 547 et
1153 507 1227 548 fiet
1248 522 1325 563 per
1348 508 1522 564 triginta
1543 511 1630 551 dics

82 580 175 622 ‘pro
197 566 339 608 anima
359 565 498 607 fratris
520 564 725 606 defuncti.

205 683 327 734 Quod
343 680 574 723 Monachus
593 682 708 734 apud
728 681 976 722 Dunelmum
996 686 1177 721 mortuus
1196 682 1343 723 lrabeat
1362 686 1520 725 cersoli-

574 741 646 781 dos
667 742 709 779 in
729 741 794 780 die
814 740 1030 792 sepultura?
1049 753 1148 780 suoe.

154 830 274 880 Item,
309 838 516 872 statutum
548 838 610 871 est
640 843 716 884 pei·
737 829 925 878 eosdem,
950 829 1082 885 quod,
1106 844 1201 870 cum
1223 829 1372 886 aliquis
1395 833 1625 874 monachus

84 889 205 943 apud
229 889 489 930 Dunelmum
522 887 689 938 obierit,
722 887 897 928 habebit
929 887 968 927 in
998 887 1066 927 die
1088 888 1319 942 sepulturae
1340 905 1426 930 suae
1450 896 1541 935 xxS.
1567 893 1621 932 ad

91 947 315 987 emendum
339 961 492 1001 panem
514 946 568 986 ad
590 945 852 1000 erogandum
876 945 1146 1000 pauperibus,
1171 946 1328 987 scilicet
1353 952 1409 988 xs.
1434 964 1511 1003 per
1535 965 1621 991 ma-

78 1019 191 1044 num
217 1004 374 1046 Prioris
397 1005 450 1046 de
472 1018 640 1045 camera
664 1003 834 1053 prioris,
860 1012 902 1044 et
927 1007 984 1044 xs.
1009 1018 1084 1058 per
1107 1019 1276 1044 manum
1305 1005 1545 1061 Suppric-ris
1568 1009 1621 1049 tle

89 1077 331 1103 communa.

256 1180 381 1230 Quod
397 1180 475 1220 duo
500 1179 715 1231 Capellam
734 1181 818 1219 sint
837 1180 880 1218 in
899 1178 1066 1219 ecclesia
1088 1182 1135 1221 (Ie
1160 1180 1455 1234 Coldgfnqham.

142 1270 271 1320 item,
296 1270 424 1326 quod,
448 1278 622 1325 propter
642 1269 880 1324 periculum
910 1270 1158 1320 animarum,
1183 1271 1298 1326 quod
1321 1286 1434 1328 saepe
1464 1274 1618 1315 acciilit

84 1328 129 1368 in
153 1328 353 1383 parochia
385 1329 438 1369 de
464 1327 775 1382 Coldyngham,
813 1336 854 1368 et
889 1327 1073 1369 maxime
1100 1344 1178 1384 pro
1201 1329 1372 1370 defectu
1395 1332 1614 1385 capellani,

85 1401 181 1426 cum
199 1402 308 1427 unus
332 1386 444 1427 solus
467 1386 707 1440 capellanus
730 1400 814 1425 non
837 1384 1069 1427 sufficiebat
1092 1387 1145 1427 ad
1176 1388 1366 1443 regimen
1391 1388 1517 1429 dictae
1541 1405 1614 1443 pa-

83 1443 254 1494 rochiae,
278 1453 485 1485 statutum
516 1443 596 1484 fuit
632 1457 706 1498 per
743 1443 1019 1497 Radulphum
1060 1445 1250 1485 Priorem
1287 1455 1331 1486 et
1361 1461 1616 1488 consensum

85 1501 274 1556 Capituli
311 1501 614 1543 Dunelmensis
651 1501 767 1557 quod
803 1501 844 1541 in
867 1511 1122 1556 perpetuum
1145 1503 1275 1544 insint
1297 1504 1384 1544 (luo
1406 1506 1612 1559 capellani

82 1560 126 1600 in
148 1559 326 1601 ecclesia
344 1560 398 1601 de
421 1559 718 1615 Coldyngham
736 1575 746 1608 ς
770 1574 951 1615 quorum
970 1574 1090 1609 uniffi,
1108 1560 1179 1616 qui
1197 1561 1326 1602 debet
1346 1577 1538 1616 praeesse,
1559 1565 1613 1604 sit

81 1618 325 1672 capellanus
347 1617 597 1672 parochialis
612 1635 628 1666 ’ς
662 1616 733 1672 qui
755 1617 964 1658 deserviet
987 1618 1177 1659 ecelesiae
1200 1629 1241 1660 et
1265 1620 1476 1673 parochiae
1500 1621 1612 1676 prin-

79 1675 290 1730 cipaliter.
354 1676 411 1716 Et
433 1675 541 1716 alter
562 1675 791 1716 celebrabit
813 1675 985 1729 singulis
1004 1675 1154 1717 diebus
1177 1676 1495 1732 inperpetuum
1530 1695 1609 1735 pro

81 1733 291 1774 defunctis
312 1748 409 1774 cum
434 1735 802 1782 commendacione,
826 1734 1000 1774 Placebo
1029 1743 1075 1774 et
1093 1735 1258 1788 Diri-(je,
1283 1738 1470 1791 exceptis
1493 1738 1609 1779 festis

79 1791 245 1842 diebus,
271 1791 347 1831 nisi
364 1799 590 1832 excusetur
607 1806 683 1845 per
699 1791 999 1832 racionabilem
1023 1807 1208 1833 causam.
1258 1793 1346 1834 Hic
1365 1796 1608 1848 capellanus

68 1849 311 1891 celebrabit
344 1848 583 1904 specialiter
619 1864 696 1903 pro
724 1849 865 1890 anima
887 1849 1076 1902 magistri
1102 1851 1263 1906 Rogeri
1286 1851 1339 1892 de
1365 1852 1607 1905 Melsanhv,

71 1907 271 1948 *canonici
298 1907 625 1957 Reverlacensis,
649 1907 721 1963 qui
743 1907 879 1947 multa
899 1908 1011 1948 bona
1033 1908 1211 1949 contulit
1235 1909 1378 1950 domui
1402 1911 1455 1952 de
1479 1902 1608 1954 Colli-2

70 1965 277 2019 {ingham3
311 1974 354 2006 et
380 1981 458 2020 pro
480 1965 701 2006 animabus
723 1964 910 2006 omnium
936 1966 1242 2007 monachorum
1265 1969 1379 2022 apud
1406 1970 1610 2025 Colding-

71 2022 174 2064 ham
190 2023 498 2078 quiescencium
520 2038 530 2071 3
563 2032 606 2064 et
627 2038 705 2078 pro
723 2023 942 2064 animabus
953 2033 1123 2078 patrum
1145 2034 1188 2066 et
1211 2035 1393 2067 matrum
1417 2029 1609 2071 omnium

75 2081 379 2122 monachorum
401 2081 557 2122 ibidem
591 2082 982 2130 commanencium3
1015 2091 1059 2122 et
1080 2097 1158 2137 pro
1181 2084 1377 2125 omuibus
1399 2086 1605 2128 debitori-

75 2139 153 2179 bus
175 2139 257 2180 suis
280 2148 323 2180 et
343 2139 537 2180 omuibus
559 2139 753 2180 fidelibus
772 2139 998 2181 defunctis.
1080 2140 1234 2181 Dictus
1256 2151 1397 2183 autem
1418 2146 1604 2198 capella,

74 2211 167 2247 Πυε,
199 2198 271 2253 qui
307 2197 559 2238 substitutus
596 2206 658 2238 est
692 2197 744 2238 ad
778 2197 981 2238 solacium
1015 2199 1221 2252 capellani
1259 2202 1522 2254 parochialis,
1557 2204 1601 2245 iu

75 2255 270 2296 omnibus
307 2255 456 2296 efficax
494 2254 698 2295 auxilium
736 2264 779 2296 et
813 2255 1051 2304 consilium,
1077 2256 1116 2296 in
1139 2267 1343 2312 quantum
1362 2260 1534 2312 poterit,
1560 2262 1602 2301 in

73 2312 263 2366 regimen
285 2312 497 2366 parochiae
520 2312 657 2353 eidem
680 2313 900 2368 capellano
922 2313 1153 2367 parochiali
1173 2314 1406 2369 impendet.
1482 2318 1603 2360 Dic-ti

73 2379 217 2411 autem
246 2370 454 2423 capellani
477 2370 757 2411 communiter
779 2370 918 2411 vivere
941 2371 1099 2411 debent
1121 2371 1163 2411 in
1196 2388 1280 2413 uua
1298 2373 1430 2414 domo
1453 2384 1493 2415 et
1518 2392 1601 2418 una

73 2441 248 2475 mensa3
281 2437 324 2467 et
361 2427 580 2469 habeb-unt
612 2427 783 2481 singulis
807 2427 965 2468 diebus
988 2439 1073 2468 tres
1091 2443 1218 2482 panes
1234 2445 1252 2478 r;
1286 2431 1445 2472 scilicet
1470 2449 1599 2476 unum

73 2500 227 2539 panem
263 2485 568 2534 monachalem,
603 2495 648 2526 et
681 2500 811 2526 unum
838 2500 996 2539 »panem
1029 2486 1184 2537 militis,
1218 2496 1261 2528 et
1292 2503 1420 2530 unum
1445 2505 1597 2544 panem

73 2558 248 2591 avenae3
292 2551 333 2583 et
375 2551 439 2584 tot
472 2543 633 2584 fercula
667 2552 773 2598 quot
814 2543 900 2583 duo
936 2543 1158 2593 monachi3
1192 2555 1235 2586 et
1269 2546 1372 2587 duas
1405 2548 1598 2601 justicias

72 2601 261 2641 cervisiae
302 2610 343 2641 et
392 2601 495 2641 duas
538 2610 678 2655 petras
726 2600 821 2641 salis
873 2602 925 2641 ad
968 2602 1180 2655 pascham.
1269 2604 1490 2647 Provisum
1533 2619 1597 2651 est

69 2657 200 2699 etiam
233 2673 310 2712 per
341 2658 559 2699 dominum
597 2658 788 2699 Priorem
821 2667 864 2699 et
900 2659 1169 2700 Conventum
1202 2663 1318 2716 quod
1340 2664 1594 2718 capellanus,

70 2716 143 2771 qui
165 2717 452 2757 celebraturus
481 2727 544 2757 est
566 2731 646 2771 pro
668 2716 903 2765 animabus,
926 2717 1100 2772 recipiet
1124 2734 1201 2772 pro
1226 2723 1419 2762 mercede
1441 2737 1513 2765 sua
1536 2730 1593 2768 x‘.

69 2774 125 2814 de
165 2775 290 2815 furno
329 2775 382 2815 de
422 2775 723 2825 Aldecambus,
763 2786 806 2816 et
838 2783 1021 2830 quatuor
1062 2776 1219 2818 solidos
1251 2778 1305 2819 de
1337 2779 1446 2821 tofto
1479 2784 1592 2840 quod

796 2845 818 2872 c
853 2836 878 2872 3
