1807 2962
193 79 349 129 cccliv
510 93 642 125 msr.
671 87 904 123 DUNELM.
934 86 1242 120 semerom-,s
1268 82 1411 117 runs.-

429 407 629 438 CCvall.
665 402 943 434 CORRODIUM
968 399 1237 430 CONCESSUM
1261 397 1520 427 ELEANORAE

832 461 1114 490 CATLYNSON.

703 544 806 587 [Reg.
828 542 904 575 ΙΙΙ.
922 541 1022 573 Parv.
1046 538 1104 572 fol.
1126 540 1184 570 151
1203 540 1216 580 J

268 625 614 673 Memorandum,
649 622 765 679 quod
802 634 916 662 xv111
950 619 1020 661 die
1053 618 1207 660 mensis
1250 615 1368 665 Maii,
1406 628 1520 655 anno
1564 609 1739 652 Domini

210 690 524 726 Mm⁰CCCCLxx⁰
568 681 770 731 seeundo,
795 693 1040 721 concessum
1083 684 1174 717 crat
1221 675 1444 715 Eleanorae
1489 669 1738 725 Catlynson,

208 759 288 799 pro
321 742 504 784 termino
533 743 632 782 vitae
654 755 756 789 suae,
780 738 883 779 illud
905 735 1149 777 corrodium
1171 736 1213 774 in
1241 731 1479 773 Infirmaria
1500 738 1622 792 extra
1643 741 1741 793 por·-

211 812 297 843 tam
335 800 552 842 abbathiae
587 798 810 847 Danelm„
846 794 962 851 quod
985 795 1132 850 Agnes
1160 791 1310 847 Smyth
1333 803 1470 844 nuper
1492 787 1677 851 obtinuit
1699 799 1742 824 in

210 860 376 909 eadem,
411 874 507 899 cum
541 857 628 898 suis-
651 855 818 912 juribus
851 863 896 895 et
918 850 1188 908 pertinenciis
1211 848 1442 893 universis:
1466 842 1743 900 perelplendo

212 919 265 961 de
280 918 432 959 eodem
451 915 491 957 in
510 915 706 956 omnibus
723 924 765 954 et
787 927 864 968 per
881 910 1038 959 onmia,
1063 918 1190 964 prout
1212 905 1361 962 aliquis
1382 905 1514 945 frater
1537 902 1602 967 *sel
1620 915 1744 967 'soror

213 977 267 1018 ad
304 985 429 1017 extra
464 988 631 1015 morans
664 971 844 1027 percipi-t
873 971 915 1012 iu
947 966 1162 1024 praesenti.
1232 965 1287 1006 Et
1309 963 1407 1005 inde
1429 962 1578 1003 habuit
1600 960 1747 1005 literas

213 1034 359 1076 solitas
380 1044 422 1075 et
444 1040 685 1074 consuetas.

336 1306 554 1335 CCLXVHI.
589 1306 759 1333 LITERA
796 1305 913 1332 DATA
947 1303 1130 1331 DOMINO
1169 1302 1416 1330 WILLELMO
1452 1303 1631 1330 MASSAM

336 1366 499 1393 PRIORI
534 1365 592 1392 DE
626 1364 769 1391 BLITH
804 1363 979 1391 UTENDI
1014 1362 1191 1390 FROCCO
1216 1362 1358 1389 INTER
1381 1361 1634 1390 MON-ACH-OS

336 1423 693 1452 DUNELMENSES.

765 1499 871 1544 [neg.
891 1500 960 1532 1v.
982 1498 1038 1532 foi,
1058 1500 1134 1531 213.
1151 1498 1201 1542 u]

283 1579 523 1622 Tricesimo
555 1578 624 1620 die
656 1578 810 1620 mensis
844 1577 968 1628 Maii,
1002 1592 1115 1619 anno
1146 1576 1324 1619 Domini
1347 1582 1751 1626 M⁰cccc¹¹¹⁰1,xxt‚11⁰,

224 1638 466 1680 indiccione
505 1648 641 1687 sexta,
681 1636 954 1692 pontificatus
989 1635 1239 1677 sanctissimi
1269 1636 1310 1676 in
1351 1636 1523 1677 Christo
1559 1635 1690 1690 patris
1712 1647 1756 1676 et

223 1696 384 1739 domini
419 1696 552 1738 nostri
574 1695 735 1737 domini
774 1695 885 1737 Sixti
916 1694 1060 1735 divina
1081 1693 1357 1749 providencia
1382 1695 1510 1749 Papae
1533 1694 1620 1749 iiijti
1643 1708 1756 1735 anno

224 1755 431 1804 secundo,
472 1753 724 1796 venerabilis
767 1754 808 1794 in
848 1752 1021 1795 Christo
1054 1763 1177 1807 pater
1216 1752 1441 1803 Ricardus,
1479 1752 1757 1808 permissione

227 1814 374 1855 divina
398 1814 523 1854 Prior
544 1812 735 1854 eccl-esiae
760 1811 1027 1853 Cathedralis
1047 1810 1364 1860 Dunelmensis,
1386 1810 1429 1851 in
1446 1811 1610 1866 capella
1625 1809 1760 1851 sancti

228 1871 564 1927 Nicholaijuxta
577 1885 693 1912 suam
712 1885 924 1911 cameram
947 1871 1114 1918 situata,
1139 1868 1383 1910 convocatis
1404 1884 1546 1910 coram
1568 1884 1612 1910 se
1634 1868 1761 1910 certis

227 1931 310 1971 suis
333 1929 614 1970 confratribus
637 1928 694 1969 (le
718 1927 935 1982 Capitnlo,
960 1927 1188 1969 venerabili
1211 1938 1252 1968 ei:
1269 1926 1466 1983 religioso
1482 1926 1570 1968 viro
1587 1926 1762 1968 domino

231 1987 473 2030 Vxsillielmo
508 1986 712 2036 Massam,
746 1999 883 2039 nuper
905 1985 1116 2026 monacho
1138 1994 1181 2026 et
1203 1985 1417 2026 confratre
1439 1984 1631 2039 gremiali
1653 1987 1764 2042 ejus-

230 2046 328 2087 dem
361 2043 563 2093 ecclesiae,
588 2043 779 2085 ordinem
802 2044 937 2084 sancti
961 2043 1184 2084 Benedicti
1206 2043 1247 2083 in
1270 2043 1421 2084 eodem
1444 2044 1539 2084 loco
1561 2058 1764 2098 expresse

232 2103 424 2159 professo
457 2103 613 2143 ibidem
638 2111 850 2156 praesente
872 2109 916 2142 et
938 2111 1123 2152 astante,
1142 2100 1184 2141 iu
1210 2101 1432 2142 audiencia
1453 2101 1622 2157 publica
1638 2101 1763 2152 dixit,

234 2162 349 2218 quod
373 2161 471 2202 licet
494 2161 583 2215 ipse
605 2161 802 2201 (lominus
833 2159 1106 2210 Willielmus,
1129 2174 1205 2214 per
1228 2161 1573 2215 acceptacionem
1596 2161 1766 2202 Priora-

234 2229 303 2262 tus
325 2219 380 2261 de
405 2218 537 2269 Blith,
569 2217 845 2259 Eboracensis
868 2217 1104 2268 dioceseos,
1128 2233 1229 2274 quo,
1252 2226 1300 2258 ut
1321 2218 1536 2269 asseritur,
1556 2234 1762 2261 consensu

238 2293 420 2335 quorum
436 2276 612 2318 interest
637 2276 759 2318 Prior
781 2276 1021 2317 intitulatus
1043 2287 1085 2317 et
1109 2275 1297 2330 legitime
1319 2292 1533 2332 possessus
1556 2277 1699 2319 extitit
1721 2285 1766 2318 et

238 2346 315 2386 est,
339 2335 482 2376 omnia
502 2345 544 2377 et
566 2335 731 2389 singula
744 2334 844 2389 jura
865 2334 988 2375 unius
1005 2334 1225 2376 confratris
1243 2334 1342 2375 olim
1359 2335 1399 2375 in
1419 2335 1594 2377 ecclesia
1610 2335 1768 2377 Cathe-

238 2394 345 2436 drali
381 2393 574 2449 predicta
609 2394 688 2435 sibi
722 2392 1016 2447 competencia
1048 2394 1221 2448 propria
1261 2408 1335 2434 sua
1369 2402 1519 2447 sponte
1564 2393 1765 2443 amiserit,

240 2453 456 2508 taciteque
491 2451 805 2493 renunciaverit
838 2451 1015 2501 eisdem,
1053 2451 1350 2492 nichilominus
1383 2451 1493 2494 idem
1523 2451 1770 2494 venerabilis

239 2520 377 2567 pater,
416 2510 627 2552 dictorum
663 2523 837 2550 suorum
872 2509 1136 2551 confratrum
1173 2508 1487 2551 interveniente
1524 2519 1689 2565 rogatu,
1727 2519 1772 2552 et

238 2578 418 2625 propter
434 2568 691 2625 singularem
707 2568 921 2617 affectum,
940 2582 1065 2623 quem
1085 2567 1124 2608 in
1143 2582 1363 2622 personam
1383 2583 1499 2610 suam
1519 2583 1683 2624 semper
1698 2568 1773 2610 ha-

241 2628 335 2669 buit
367 2636 411 2668 et
433 2627 576 2677 habet,
595 2626 734 2668 eidem
751 2625 926 2667 domino
947 2625 1185 2676 Williclmo,
1211 2626 1344 2667 Priori
1366 2627 1595 2677 antedicto,
1619 2642 1675 2668 ex
1697 2643 1774 2668 sua

244 2686 430 2727 uberiori
467 2686 624 2742 gracia,
664 2685 742 2726 sub
779 2683 908 2725 modo
941 2692 982 2725 et
1005 2683 1280 2726 condiccione
1301 2685 1559 2740 subscriptiS,
1583 2685 1651 2740 pie
1673 2700 1774 2726 con—

245 2743 383 2796 cessit,
409 2753 456 2786 ut
489 2743 648 2786 tociens
683 2742 885 2800 quociens
918 2742 972 2785 ad
1006 2741 1311 2786 monasterium
1347 2741 1638 2787 Dunehnense
1660 2743 1774 2785 velut
