1807 2962
421 92 684 125 ROBERTUS
722 93 787 124 DE
828 91 1171 124 GRAYSTANES.
1508 86 1570 133 89

43 217 257 249 cessorum
281 216 452 244 suorum
477 200 644 242 ultimas
667 200 916 244 voluntates.
1001 199 1215 241 Volebant
1236 200 1349 241 enim
1387 208 1577 243 anteces-

45 278 159 306 sores
193 260 293 303 satis
327 259 504 301 liberam
543 258 763 300 ecclesiam
794 258 930 299 facere
954 273 965 306 3
997 257 1071 299 sed
1101 258 1340 299 nescierunt
1363 258 1422 300 ita
1451 259 1576 313 plane

46 321 187 364 verbis
218 317 470 374 exprimere,
502 318 602 374 quin
626 321 747 372 [per]
769 315 1025 371 posteriores
1047 315 1206 371 possint
1228 316 1481 358 calumniam
1504 318 1580 358 ob->

40 380 189 438 jicere,
215 383 312 431 [nec
335 375 520 418 allocant
539 374 778 430 superiores
799 373 994 416 moderni
1018 374 1375 417 consuetudinem
1397 375 1466 417 vel
1486 375 1581 417 diu-

50 437 299 480 turnitatem
337 434 554 490 temporis,
584 433 664 474 nisi
685 447 933 486 expressum
955 431 1008 473 sit
1026 433 1066 472 in
1090 446 1236 474 eorum
1256 435 1580 487 monumentis}

49 496 156 538 Erat
176 502 296 536 tanta
316 493 489 534 libertas
507 490 697 533 ecclesiae
721 489 1020 531 Dunelmensis
1043 498 1141 531 ante
1163 490 1287 532 istam
1304 490 1442 542 litem,
1466 492 1584 548 quod

52 552 289 608 Episcopus
311 550 460 592 habuit
481 548 737 604 palefridum
750 549 880 605 Regis
903 548 1113 590 tendentis
1134 563 1278 590 versus
1297 549 1484 592 Scotiam
1505 565 1584 605 pro

52 611 266 661 eschaeto,
299 624 352 650 eo
374 608 490 665 quod
527 607 717 649 minister
751 607 805 648 de
840 622 893 648 eo
930 606 1097 649 incaute
1129 607 1296 658 cecidit,
1330 616 1374 649 et
1396 622 1453 649 ex
1485 624 1585 650 casu

53 669 186 718 ob-iit3
219 683 299 709 nec
326 666 423 708 Rex
451 681 531 707 nec
568 665 763 706 minister
796 665 885 720 ejus
905 664 1016 706 ‘infra
1037 665 1346 721 Episcopatum
1368 681 1412 708 se
1435 667 1490 709 de
1512 666 1588 708 aliv-

53 742 138 784 quo
175 725 413 768 intromisit.
493 724 711 766 Prioratus
753 723 880 765 etiam
921 723 1203 765 deterioratus
1245 733 1310 766 est
1339 725 1382 765 in
1423 725 1586 776 multis,

55 785 192 841 primo
223 799 278 826 ex
310 781 646 827 mutuationibus
677 784 859 836 magnis,
896 781 1007 823 circa
1038 780 1155 823 litem
1197 782 1383 838 acceptis
1420 792 1462 825 et
1502 799 1589 825 non

56 843 218 891 solutis,
252 841 326 899 [de
358 840 543 882 denariis
578 840 806 895 Papalibus
841 839 1030 881 collectis
1058 840 1112 881 de
1136 840 1278 892 Clero,
1303 849 1346 882 et
1369 857 1394 882 a
1414 841 1588 884 diversis

56 900 363 949 creditoribusg
397 899 600 949 secundo,
634 913 688 939 ex
721 898 833 940 mille
866 897 1016 939 marcis
1048 898 1196 939 solutis
1224 898 1354 940 curiae
1378 900 1589 942 Romanae

56 975 139 1017 -pro
175 958 445 1001 restitucione
480 955 659 998 Ricardi
698 956 855 997 Prioris
874 972 885 1005 3
937 955 1078 1006 tertio,
1121 972 1202 1012 pro
1234 957 1369 999 tribus
1406 958 1590 1000 millibus

60 1018 212 1059 marcis
231 1016 380 1058 solutis
404 1016 548 1069 Papae,
573 1023 616 1056 et
637 1014 750 1055 mille
767 1014 915 1055 marcis
933 1014 1078 1055 solutis
1093 1015 1276 1070 collegio
1298 1016 1592 1059 Cardinalium

60 1091 138 1132 pro
175 1074 409 1117 collacione
446 1074 663 1115 Prioratus
684 1072 797 1114 facta
822 1072 1049 1113 Willielmo
1072 1073 1125 1114 de
1149 1073 1376 1118 Tanefeld.
1446 1076 1596 1117 Solve-

57 1136 217 1177 ·bantur
249 1148 350 1174 vero
387 1133 466 1173 ista
501 1131 688 1188 quinque
725 1130 857 1172 millia
881 1145 1121 1173 ‘marcarum
1145 1147 1231 1173 uno
1252 1148 1380 1183 anno,
1404 1133 1459 1174 ad
1480 1134 1598 1190 quod

61 1208 146 1234 non
184 1191 417 1233 sufficiebat
439 1190 605 1232 exilitas
628 1190 777 1230 domus
808 1189 889 1230 nisi
912 1204 988 1244 per
1008 1205 1153 1231 usuras
1175 1200 1486 1241 mercatorum3
1518 1207 1597 1247 pro

64 1250 333 1293 mutuacione
361 1258 643 1290 trecentarum
667 1262 903 1288 marcarum
925 1262 999 1302 per
1020 1263 1175 1290 annum
1207 1249 1439 1302 aliquando
1460 1250 1595 1292 solve-

62 1310 137 1351 bat
153 1309 303 1350 domus
318 1307 582 1361 octingentas
598 1307 703 1358 [sic]
724 1320 898 1351 marcas,
934 1305 1205 1348 Onerabatur
1218 1307 1347 1364 igitur
1363 1308 1513 1351 domus
1535 1310 1596 1350 ul-

61 1379 130 1410 ·tra
148 1367 255 1408 vires
277 1381 361 1407 aere
383 1365 535 1409 alieno.
605 1365 862 1420 Supervenit
884 1365 1015 1407 eciam
1037 1380 1170 1406 novus
1198 1366 1324 1407 Prior
1344 1369 1416 1423 qui
1437 1376 1596 1409 statum

65 1427 215 1468 domus
252 1439 338 1466 non
374 1423 547 1478 agnovit
579 1437 657 1464 nec
688 1422 983 1473 consideravit,
1016 1424 1089 1464 scd
1110 1424 1347 1479 sumptibus
1369 1427 1595 1469 excessivis

64 1485 209 1526 debita
229 1483 382 1524 domus
404 1483 524 1523 auxit
545 1481 691 1536 pocius
713 1496 839 1537 quam
862 1481 1059 1522 diminuit
1078 1498 1086 1523 :
1116 1490 1293 1537 propter
1315 1484 1413 1525 istas
1435 1499 1595 1536 causas,

66 1552 108 1584 et
130 1557 276 1584 usuras
298 1549 597 1590 mercatorum,
613 1539 671 1580 ita
692 1539 881 1594 obligata
902 1549 946 1581 et
968 1549 1145 1581 onerata
1166 1539 1356 1592 diversis,
1381 1543 1500 1599 quod
1522 1559 1601 1599 per

67 1616 202 1642 anuos
225 1608 448 1655 sequentes
483 1599 536 1639 ad
568 1607 724 1639 statum
748 1598 970 1652 pristinum
995 1613 1078 1639 non
1102 1598 1294 1641 redibat:
1327 1602 1599 1657 aggravanti-

65 1660 144 1700 bus
167 1659 256 1713 ejus
281 1658 435 1712 jugum
457 1657 619 1711 guerris
649 1656 761 1696 inter
787 1656 946 1710 Anglos
969 1666 1011 1698 et
1037 1657 1220 1708 scottos,
1242 1658 1493 1712 pestilencia
1512 1660 1603 1701 ani-

68 1716 242 1759 malium
265 1724 307 1756 et
327 1714 552 1755 sterilitate
575 1714 803 1764 fructuum,
831 1729 927 1770 quae
950 1715 1212 1770 temporibus
1233 1716 1387 1758 nostris
1419 1719 1601 1774 amplius

66 1775 195 1817 solito
218 1776 514 1821 increverunt3
540 1773 688 1815 Priore
710 1773 842 1814 eciam
865 1773 919 1813 de
938 1772 1226 1828 Coldingham
1247 1775 1483 1819 rebellante
1504 1776 1599 1829 sibi,

69 1842 113 1875 et
130 1832 305 1875 obedire
327 1830 520 1882 nolenti.]
583 1830 709 1872 Dixit
731 1830 841 1872 enim
867 1830 1127 1886 Episcopum
1150 1831 1364 1874 inimicum
1385 1834 1478 1885 sibi,
1503 1835 1603 1892 quia

70 1891 310 1934 adhaeserat
345 1889 531 1930 Ricardo
556 1888 693 1930 Priori
717 1889 807 1945 [qui
828 1889 871 1929 in
893 1889 1089 1930 omnibus
1111 1890 1374 1933 voluntatem
1399 1892 1601 1949 Episcopi

72 1950 288 2000 faciebat}
354 1946 502 1989 Adivit
528 1947 651 1988 Prior
673 1947 918 1989 Willielmus
942 1948 995 1989 de
1018 1948 1201 1990 Tanfeld
1223 1949 1371 1992 cellam
1394 1951 1448 1993 de
1472 1952 1604 1994 Cold-

73 2009 244 2063 ingham
263 2020 274 2054 3
308 2006 379 2047 ubi
405 2006 528 2048 Prior
543 2006 603 2046 {le
626 2005 909 2062 Coldingham
942 2006 1078 2061 primo
1100 2022 1143 2048 se
1159 2009 1319 2064 juravit
1340 2009 1382 2050 in
1405 2010 1601 2053 omnibus

73 2076 183 2108 stare
205 2065 415 2107 mandatis
437 2063 545 2113 suis3
568 2072 611 2105 et
633 2073 728 2119 post
748 2064 932 2105 latenter
953 2064 1141 2106 recessit.
1184 2066 1261 2110 W.
1290 2066 1414 2109 Prior
1436 2068 1604 2111 Dunel-

73 2125 230 2166 mensis
252 2123 381 2165 alium
402 2123 498 2164 loco
520 2138 597 2163 suo
615 2122 858 2171 substituit3
881 2131 939 2174 et,
958 2132 1180 2179 acceptum
1202 2123 1261 2166 ibi
1283 2125 1527 2181 homagium
1558 2137 1603 2170 et

76 2182 328 2224 fidelitatem
384 2180 621 2222 tenentium
672 2181 726 2222 de
772 2181 1186 2238 Coldinghamshire,
1239 2193 1489 2238 prosecutus
1541 2195 1605 2228 est

75 2241 309 2297 fugientem
333 2254 465 2296 usque
496 2239 550 2280 ad
573 2239 895 2294 parliamentum
917 2240 972 2281 de
1000 2240 1234 2282 Staunford
1256 2241 1298 2282 in
1315 2243 1488 2298 propria
1511 2258 1606 2298 per-

75 2314 191 2349 sona,
230 2313 316 2339 non
352 2298 443 2339 sine
478 2298 642 2351 magnis
665 2297 914 2352 sumptibuffi
942 2313 1057 2339 anno
1081 2299 1259 2339 Domini
1281 2314 1466 2352 MCCCIX,
1490 2303 1604 2344 circa

77 2357 232 2398 festum
256 2355 390 2397 sancti
423 2356 587 2396 Jacobi.
667 2355 780 2402 Quia
801 2356 912 2396 enim
936 2356 1005 2397 ille
1032 2357 1155 2397 Prior
1175 2357 1341 2414 fugiens
1364 2367 1455 2400 erat
1477 2368 1606 2402 notus

82 2414 193 2471 Regi
228 2422 271 2455 et
307 2413 534 2470 regalibuS,
573 2414 670 2468 quia
702 2423 946 2467 portaverat
971 2414 1175 2455 vexillum
1217 2415 1352 2457 sancti
1377 2417 1606 2459 Cuthberti

79 2487 176 2513 cum
218 2471 335 2524 Rege
370 2471 413 2511 in
446 2485 600 2527 guerra
639 2471 809 2520 Scotiae,
845 2471 1044 2512 credebat
1083 2472 1248 2526 Regem
1285 2488 1329 2514 se
1364 2474 1473 2516 velle
1495 2479 1605 2517 tueri

81 2538 230 2572 contra
274 2528 479 2578 Priorem,
524 2533 587 2579 [et
630 2533 792 2584 regales
833 2528 913 2569 hoc
956 2529 1099 2581 velle].
1166 2530 1252 2571 Sed
1279 2531 1400 2573 Prior
1442 2533 1609 2576 Dunel-

81 2589 251 2637 mensis,
286 2586 343 2628 ibi
374 2587 561 2636 venie-m,
603 2586 766 2627 invenit
810 2586 971 2644 Regem
1015 2596 1057 2629 et
1088 2603 1184 2628 suos
1216 2588 1317 2630 satis
1349 2590 1469 2647 [sibi]
1493 2592 1610 2634 favo-

83 2646 249 2695 rabiles,
275 2655 328 2695 et,
353 2644 456 2686 alius
489 2644 546 2685 ibi
580 2659 664 2684 non
699 2645 984 2699 [expediens]‚
1018 2645 1073 2686 ad
1112 2646 1269 2688 curiam
1297 2647 1534 2691 Romanam
1567 2666 1611 2693 se

85 2703 311 2754 transtulit,
345 2712 389 2744 et
419 2702 476 2743 ibi
507 2703 595 2743 sine
627 2702 902 2757 expeditione
934 2704 1096 2745 obitum
1130 2704 1331 2761 Episcopi
1352 2708 1608 2762 expectavit.

89 2763 178 2818 [Ex
200 2760 421 2818 praemissis
453 2762 636 2815 graviter
659 2762 757 2802 laesa
791 2771 854 2802 est
889 2762 1078 2804 ecclesia.
1146 2763 1229 2805 Sed
1251 2764 1418 2818 gravius
1441 2766 1611 2808 videtur

87 2820 213 2864 michi
241 2835 294 2862 ex
317 2834 589 2875 personarum
614 2819 850 2871 amissione,
869 2820 966 2876 quia
990 2820 1030 2862 in
1049 2821 1165 2863 curia
1186 2831 1226 2863 et
1249 2822 1414 2875 itinere,
1439 2834 1613 2880 propter
