1807 2962
511 74 788 106 APPENDIX.
828 74 948 105 ANN.
979 74 1188 106 MCCCCI.
1413 62 1619 110 clxxxvii

146 179 366 222 Johannas
411 180 633 222 Maxselde
665 181 977 223 Prebendarius
1019 181 1123 223 ibid.
1164 196 1260 223 cum
1296 183 1329 238 j.
1369 181 1505 227 Lanc.
1531 187 1619 242 etj.

93 239 245 292 Sagitt.
267 254 352 279 non
369 248 602 293 comparet.

152 296 313 338 Rector
348 297 401 338 de
437 297 681 352 Gaynforth
711 312 806 338 cum
836 298 871 353 j.
908 298 1041 339 Lanc.
1078 306 1122 339 et
1154 297 1196 352 ij.
1224 299 1377 356 Sagitt.
1402 313 1487 340 non
1508 314 1623 341 com-

91 363 226 410 paret.

151 412 313 454 Rector
335 412 388 453 de
409 412 606 454 Consclis
620 427 714 454 cum
730 414 764 468 j.
785 413 917 457 Lane.
942 416 1026 470 etj.
1052 414 1207 469 Sagitt.

208 655 366 683 CLXIII.
391 656 733 688 ACQUIETANCIA
749 656 1008 684 GENERALIS
1031 657 1174 684 FACTA
1195 657 1370 685 THOMAE
1389 657 1446 685 DE
1468 645 1506 685 L’

686 714 1023 745 FYSSHEHOUSE.

689 793 798 838 [Reg.
817 794 869 826 11.
886 793 908 826 f.
927 795 1020 837 349]

152 871 362 912 Noverint
398 870 597 920 universi,
633 885 711 926 per
752 879 996 925 praesentes,
1037 885 1114 912 nos
1151 871 1392 913 Joliannem
1428 870 1622 913 Priorem

90 929 283 971 ecclesiae
308 929 575 970 Cathedralis
600 929 902 970 Dunelmensis
933 939 977 970 et
1009 929 1201 984 ejusdem
1243 929 1325 970 loci
1351 930 1624 971 Conventum

90 986 313 1037 remisisse,
332 987 558 1037 relaxasse,
583 997 624 1028 et
647 988 818 1028 omnino
850 988 904 1029 de
936 988 1057 1029 nobis
1080 998 1122 1028 et
1140 987 1449 1029 successoribus
1471 987 1623 1029 nostris

91 1045 134 1086 in
158 1056 408 1100 perpetuum
443 1045 632 1102 quietum
666 1045 882 1096 clamasse,
909 1046 1092 1086 Thomae
1115 1046 1169 1087 de
1194 1045 1462 1095 Fissehouse‚
1487 1061 1624 1101 nuper

92 1103 337 1144 victualium
378 1115 617 1144 nostrorum
661 1105 856 1158 emptori,
886 1103 1151 1145 omnimodas
1194 1104 1382 1144 actiones
1414 1104 1548 1145 reales
1580 1114 1624 1146 et

90 1162 346 1216 personales,
371 1177 473 1217 quas
497 1177 639 1202 versus
662 1161 842 1202 eundem
867 1162 1080 1202 Thomam
1104 1162 1324 1212 habemus,
1364 1178 1435 1203 seu
1475 1162 1622 1218 quovis

91 1220 221 1260 modo
243 1219 398 1260 habere
417 1220 649 1274 poterimus
672 1220 715 1260 in
737 1219 942 1269 futurum,
962 1219 1133 1260 racione
1156 1230 1439 1275 receptorum,
1463 1235 1625 1261 arrera-

90 1277 270 1333 giorum,
300 1293 374 1318 seu
397 1277 573 1318 aliorum
607 1292 986 1334 quorumcumque,
1010 1278 1062 1318 ab
1096 1277 1220 1318 inicio
1243 1278 1391 1318 mundi
1414 1293 1547 1335 usque
1578 1278 1622 1319 in

92 1335 204 1376 diem
237 1335 519 1376 confeccionis
543 1334 822 1390 praesencium
856 1351 930 1390 per
962 1335 1214 1390 praedictum
1244 1335 1457 1376 Thomam
1499 1336 1622 1377 nobis

91 1393 347 1435 debitorum.
413 1394 476 1435 Ita
498 1394 612 1450 quod
635 1408 710 1434 nec
734 1408 821 1443 nos,
846 1409 922 1435 nec
941 1409 1202 1435 successores
1218 1393 1364 1444 nostri,
1383 1409 1459 1434 nec
1475 1393 1623 1450 aliquis

92 1451 196 1492 alius
235 1453 405 1493 nomine
439 1462 598 1500 nostro,
634 1466 735 1505 erga
770 1452 996 1506 praefatum
1033 1452 1258 1501 Thommn,
1295 1452 1501 1502 haeredes,
1547 1467 1622 1492 seu

93 1519 342 1551 executores
378 1525 489 1560 suos,
529 1509 711 1565 aliquam
749 1510 965 1550 accionem
1002 1510 1158 1551 habere
1194 1510 1427 1564 poterimus
1450 1510 1622 1551 racione

92 1568 403 1622 praemissorum
422 1584 432 1616 3
466 1568 541 1608 sed
563 1569 616 1608 ab
639 1568 753 1609 omni
772 1567 946 1609 accione
973 1567 1079 1624 juris
1102 1577 1145 1610 et
1166 1568 1315 1609 clamei
1352 1567 1450 1608 inde
1480 1582 1622 1609 sumus

90 1626 254 1666 exclusi
277 1625 316 1665 in
339 1636 593 1680 perpetuum
620 1641 696 1680 per
717 1635 958 1679 praesentes.
1041 1626 1093 1667 In
1115 1628 1231 1681 cujus
1253 1626 1311 1667 rei
1335 1626 1624 1667 testimonium

91 1683 276 1737 sigillum
310 1698 534 1725 commune
571 1683 757 1738 Capituli
791 1684 924 1725 nostri
958 1684 1237 1738 praesentibus
1275 1694 1337 1725 est
1374 1698 1621 1739 appensum.

93 1742 211 1782 Data
243 1742 462 1791 Dunelmi,
488 1742 528 1781 in
564 1741 707 1782 Domo
729 1750 874 1782 nostra
898 1741 1147 1796 Capitulari‚
1167 1742 1210 1782 in
1230 1741 1461 1783 festivitate
1482 1742 1623 1783 beatae

95 1800 356 1853 Margaretae
390 1798 571 1854 virginiS,
604 1815 714 1841 anno
748 1799 925 1840 Domini
951 1799 1174 1841 millesimo
1206 1800 1623 1856 quadringentesimo

92 1872 244 1912 primo.

249 2116 397 2145 CLXIV.
435 2116 708 2144 1NDENTURA
729 2116 866 2143 PE'rm
890 2117 1038 2144 DmNG
1060 2117 1150 2144 PRO
1175 2115 1469 2144 DORMITORIO

670 2160 1050 2202 οοΝεΤῐωΕΝῡοὲιε

502 2252 623 2294 [From
641 2263 660 2285 a
675 2263 761 2296 copy
779 2264 868 2295 upon
885 2263 1000 2296 paper.
1048 2253 1130 2285 Loc.
1147 2252 1216 2295 ΙΙ.]

169 2330 282 2371 Haec
328 2330 556 2371 indentura
603 2330 716 2371 faeta
764 2330 875 2371 inter
914 2331 1155 2372 Johannem
1199 2327 1391 2369 Priorem
1433 2327 1624 2369 ecclesiae

95 2387 400 2430 Dunelmensis
437 2396 481 2428 et
520 2387 707 2442 ejusdem
750 2387 831 2428 loci
876 2388 1150 2429 Conventum
1192 2401 1247 2427 ex
1287 2400 1371 2425 una
1406 2394 1541 2439 parte,
1581 2395 1624 2427 et

95 2447 270 2488 Petrum
296 2445 452 2501 Dryng
473 2445 775 2486 cementarium
798 2460 854 2485 ex
875 2445 1022 2494 altera,
1042 2452 1234 2492 testatur,
1258 2443 1373 2498 quod
1394 2443 1624 2497 praedictus

97 2504 249 2545 Petrus
281 2504 472 2558 promisit
496 2512 537 2544 et
560 2502 813 2555 manucepit‚
838 2518 886 2543 ac
910 2518 954 2544 se
976 2502 1154 2543 firmiter
1175 2500 1393 2554 obligavit,
1417 2516 1495 2556 per
1516 2516 1625 2556 prae-

94 2571 248 2612 sentes,
277 2562 332 2602 ad
353 2561 638 2603 edificandum
661 2569 705 2601 et
726 2560 779 2601 de
801 2574 912 2601 novo
934 2560 1264 2602 construendum
1287 2574 1427 2599 muros
1451 2559 1625 2600 Dormi-

95 2619 190 2660 torii
214 2620 322 2661 infra
345 2618 603 2661 Abbathiam
625 2617 956 2660 Dunelmensem
978 2617 1121 2659 situati
1138 2633 1148 2666 ;
1191 2616 1435 2672 incipiendo
1452 2632 1477 2658 a
1494 2617 1622 2658 muris

625 2740 639 2756 *
657 2734 721 2767 See
739 2733 895 2767 Number
912 2744 984 2767 cm(
1001 2735 1117 2767 above.
