1807 2962
424 65 717 98 GAUFRIDUS
756 65 821 97 DE
862 63 1227 97 COLDINGHAM.
1539 62 1600 111 17

68 174 318 218 electionem
355 173 522 223 factam,
561 173 847 215 accusantium
883 172 992 213 livor
1029 173 1188 215 fecerat
1221 172 1425 230 intelligi.
1505 178 1593 220 Ad-

68 234 289 276 haerebant
321 231 434 273 enim
459 232 572 286 Regi
593 231 765 287 quidam
801 229 1014 286 Episcopo
1043 231 1318 273 amantissimi
1347 234 1590 289 qnondam3

66 292 138 349 qui
174 291 217 332 in
249 291 328 332 hoc
351 301 436 332 tam
459 305 575 331 suam
597 289 890 331 liberationem
913 304 1037 346 quam
1062 304 1201 330 rerum
1223 305 1392 332 suarum
1410 293 1594 335 salutem

59 349 407 398 ‘constituebant3
449 349 483 389 si
524 363 662 405 neque
699 348 900 389 clericum
937 363 1076 404 neque
1113 347 1267 389 laicum
1304 351 1589 404 praeterirent‚

66 423 192 465 quem
221 422 309 449 suae
345 406 591 461 perditionis
624 406 889 461 malignitate
922 421 1010 446 non
1035 407 1281 460 tetigissent.
1351 408 1480 450 Unde
1501 409 1593 464 ple-

66 468 185 523 rique
230 464 391 521 injustis
435 464 735 506 vexationibus
781 464 1015 520 aggravati,
1065 464 1200 505 multa
1236 465 1419 522 denique
1453 482 1592 510 rerum

67 539 237 566 suarum
258 525 445 578 dampna
464 531 563 563 sunt
579 521 785 578 perpessi.
837 522 960 573 [Rex
978 522 1136 577 itaque,
1153 523 1268 579 quod
1287 523 1328 564 in
1347 526 1591 579 supradicto

65 592 233 641 gestum
269 591 375 631 erat,
410 580 598 635 cognito,
636 580 972 634 indignationem
1007 580 1147 630 animi,
1172 596 1298 637 quam
1323 597 1423 640 erga
1445 599 1590 626 mona-

66 642 167 683 chos
188 640 397 694 concepit,
422 639 572 681 timore
594 638 726 693 magis
748 653 872 694 quam
896 653 1040 679 amore
1063 638 1278 690 delinitus,
1302 655 1586 696 compescens,

65 700 234 741 dicebat
256 699 432 739 stultum
448 712 555 746 esse,
571 705 613 738 et
635 698 689 738 ab
711 696 894 737 humana
915 697 1096 738 alienum
1112 698 1290 749 ratione,
1306 712 1455 741 contra
1472 716 1591 743 sanc-

65 768 131 800 tos
155 757 239 799 Dei
260 756 374 798 bella
395 755 619 811 suscipere.
686 754 870 796 Ministri
892 770 1061 811 quoque
1084 755 1187 810 ejuS,
1212 757 1367 798 eodem
1391 760 1587 814 exemplo

65 816 200 859 territi
231 825 273 857 et
285 814 536 870 perturbati,
560 813 719 854 nullam
741 814 802 855 eis
820 813 1055 854 molestiam
1078 829 1104 855 a
1125 814 1209 854 suis
1231 815 1506 868 paciebantur
1528 819 1591 858 in-

64 875 199 928 ferri.]
236 874 372 923 Prior,
385 887 498 923 vero,
516 871 846 926 Archiepiscopo
863 872 1158 913 Cantuariensi
1173 884 1405 925 accusatuS,
1423 875 1458 916 ei
1477 877 1591 931 apud

66 934 309 974 Eboracum
346 931 543 980 occurrit,
579 945 705 985 super
738 929 818 971 hiis
851 945 948 986 quae
982 935 1019 971 ei
1057 931 1261 985 objiceret
1294 947 1586 988 responsuruS.

66 992 261 1047 Cumque
285 989 642 1045 Archiepiscopus
664 989 812 1029 decem
835 989 962 1030 libras
985 989 1151 1043 argenti
1171 990 1224 1030 ab
1245 1006 1298 1031 eo
1320 991 1522 1045 exigeret,
1545 1002 1590 1034 et

63 1052 117 1092 ad
133 1048 382 1090 solvendum
405 1057 707 1097 commoneret,
735 1047 857 1088 Prior
878 1056 963 1088 tam
985 1062 1102 1088 suam
1125 1063 1250 1103 quam
1272 1048 1446 1090 fratrum
1470 1051 1592 1092 inno-

62 1109 247 1149 centiam
281 1107 516 1161 purgabat3
551 1114 594 1146 et
629 1105 671 1145 in
708 1105 935 1146 amicitiam
968 1105 1290 1162 Archiepiscopi
1323 1123 1404 1148 non
1429 1110 1590 1150 medio-

64 1166 193 1208 criter
228 1165 445 1215 admissus,
483 1164 625 1205 literas
647 1164 700 1204 ab
723 1178 773 1204 eo
795 1164 849 1204 ad
870 1163 1181 1205 chohibendam
1204 1165 1425 1222 regalium,
1451 1169 1482 1208 si
1506 1183 1591 1223 qua

65 1225 259 1274 oriretur,
296 1223 535 1264 violentiam
567 1222 821 1276 impetravit.
889 1222 937 1262 In
962 1221 1033 1262 illo
1057 1231 1248 1277 tempore
1271 1224 1383 1265 idem
1412 1226 1588 1267 Archie-

65 1284 275 1339 piscoan,
312 1280 574 1337 Apostolicae
595 1280 705 1320 sedis
742 1280 919 1334 legatnS,
957 1280 1071 1335 apud
1094 1281 1337 1322 Eboracum
1360 1284 1585 1324 concilium

64 1342 292 1383 celebravit
312 1355 322 1388 3
358 1350 400 1381 et
424 1340 547 1381 Prior
568 1338 708 1379 locum
735 1338 1064 1379 Dunhelmensis
1090 1338 1304 1394 Episcopi,
1330 1341 1371 1382 id
1395 1351 1458 1382 est
1481 1343 1587 1383 dex-

63 1410 169 1442 tram
190 1397 342 1454 Legati
365 1399 406 1439 in
428 1397 609 1439 concilio
631 1405 672 1437 et
696 1396 735 1436 in
758 1396 953 1452 prandio,
977 1411 1090 1450 aegre
1112 1396 1155 1438 id
1178 1397 1409 1439 ferentibus
1431 1400 1593 1442 decano

64 1469 106 1500 et
130 1457 339 1514 plerisque
363 1455 643 1498 Eboracensis
665 1455 854 1496 ecclesiae
880 1455 1118 1510 inajoribUS,
1143 1456 1370 1498 obtimum*
1436 1458 1591 1500 Mona-

61 1517 132 1558 chi
169 1515 353 1571 denique
391 1515 432 1556 in
467 1513 684 1569 antiquam
722 1513 911 1554 ecclesiae
949 1513 1060 1553 missi
1095 1513 1347 1565 libertatem,
1391 1517 1589 1558 ecclesias

64 1589 217 1615 vacuas
248 1574 420 1622 dabant,
443 1581 486 1613 et
508 1572 667 1612 reditus
690 1571 920 1628 augebant,
946 1580 987 1612 et
1012 1572 1052 1612 in
1076 1572 1272 1614 omnibus
1296 1589 1382 1614 suae
1405 1575 1588 1629 dignita:-

66 1633 118 1675 tis
141 1632 328 1687 vigorem
353 1630 626 1673 exercebant.

249 1918 350 1947 *CAR
378 1917 458 1947 XII.
495 1917 551 1944 DE
578 1917 836 1945 ELECTIONE
862 1917 1069 1944 PHILIPPI
1096 1918 1396 1946 PICTM'ENSIS‹

573 2030 667 2072 [MS.
689 2029 772 2073 Cap.
792 2040 895 2070 cxxx,
912 2029 967 2062 fol.
990 2031 1080 2073 17:2.]

122 2125 241 2167 Missi
277 2132 374 2166 sunt
396 2133 604 2179 praeterea
625 2124 836 2174 monachi,
873 2124 943 2180 qni
972 2125 1099 2179 Regis
1121 2125 1307 2167 animum
1332 2141 1459 2182 super
1481 2129 1590 2170 ele-c-

64 2184 180 2225 tione
220 2183 417 2238 Episcopi
436 2183 705 2224 consulerent
725 2198 735 2232 3
758 2198 864 2238 quos
887 2183 976 2237 ipse
998 2183 1052 2224 de
1075 2184 1257 2239 quodam
1282 2185 1473 2226 familiari
1495 2202 1585 2236 suo,

65 2241 238 2283 domino
256 2242 454 2297 Philippo
472 2241 726 2291 pictavensi,
745 2241 1192 2290 1111n1ilite1·conve11it;
1216 2243 1367 2283 multas
1385 2245 1588 2285 amicitias

66 2309 108 2340 et
145 2300 384 2341 libertatum
420 2299 761 2340 confirmationes
793 2299 1011 2354 pollicenS,
1051 2300 1082 2339 si
1106 2300 1212 2341 hanc
1239 2301 1317 2353 [de
1340 2301 1409 2356 eo]
1438 2301 1588 2343 fratres

65 2357 308 2399 voluissent.
372 2358 472 2407 Quo
515 2357 590 2412 ipsi
626 2357 787 2406 audito,
826 2357 1011 2397 eundem
1047 2363 1171 2411 [tam]
1206 2367 1385 2413 propter
1421 2360 1588 2401 cximiae

66 2415 297 2456 honestatis
311 2424 351 2456 et
371 2415 605 2469 probitatis',
621 2430 746 2471 quam
766 2416 818 2455 de
838 2430 888 2455 eo
903 2424 1170 2469 acceperant,
1189 2415 1446 2469 opinionem,
1463 2432 1591 2473 qnam

65 2483 317 2529 conceptam
339 2473 392 2514 de
417 2473 531 2529 regia
552 2472 827 2527 promissione
850 2472 1058 2521 fidutiam,
1083 2472 1123 2512 in
1148 2473 1334 2527 capitulo
1353 2490 1429 2515 suo
1447 2477 1587 2530 elege-

66 2542 179 2582 runt,
219 2545 266 2572 11.
299 2546 400 2574 non.
436 2531 640 2574 Jannarii.
709 2530 839 2572 Unde
879 2530 974 2571 Rex
1011 2529 1190 2571 mirabili
1227 2532 1490 2574 exultatione
1528 2551 1592 2576 re-

110 2648 324 2680 NIARGINAL
341 2647 459 2679 Nora.
506 2651 527 2666 “
542 2647 633 2679 Nota
657 2646 746 2689 quod
772 2647 974 2679 Bet-[ramus
1000 2647 1097 2678 Prior
1114 2648 1147 2679 in
1166 2646 1288 2680 dextra
1306 2648 1429 2691 Legati
1448 2651 1534 2683 sedit
1552 2653 1583 2683 in

70 2693 219 2725 Concilio
253 2694 487 2725 Eboracensi.”
533 2693 648 2725 There
675 2703 732 2724 are
750 2692 783 2723 in
803 2692 861 2724 the
886 2692 956 2724 vis.
972 2702 1158 2725 numerous
1175 2693 1340 2736 marginal
1360 2701 1456 2727 notes
1474 2697 1591 2730 ofthis.

69 2743 201 2778 nature,
220 2744 253 2770 to
271 2743 394 2771 attract
413 2738 471 2771 the
488 2738 658 2771 attention
676 2737 715 2769 of
735 2737 793 2769 the
812 2737 939 2769 reader.

807 2795 833 2821 B
