1807 2962
710 71 980 103 APPENDIX.
1537 62 1615 108 cci

200 399 363 428 CLXXV.
407 399 575 427 LITEBA
608 399 698 426 PRO
738 397 1035 426 COMEDENDIS
1069 399 1300 429 CARNIBUS
1324 402 1372 430 ΙΝ
1396 403 1497 432 SEP-

284 459 549 486 TUAGESIMA
572 458 628 485 ΕΤ
654 457 701 485 ΙΝ
725 457 900 484 VIGlLIA
923 457 1210 486 NATIVITATIS
1233 460 1419 490 DOMINI.

450 553 563 596 [Cart.
582 553 659 585 111.
676 551 734 585 fol.
751 553 828 583 221.
848 556 884 585 et
903 554 932 584 1.
953 554 984 584 3.
1000 552 1116 596 Papal.
1133 553 1180 586 Y.
1201 555 1247 596 l.]

147 647 397 689 Beatissime
419 655 553 702 pater,
577 646 807 701 exponitur
838 660 871 686 s.
903 660 942 686 v.
967 646 1203 697 [sanctitati
1227 656 1398 705 vestrae]
1421 668 1475 694 ex
1496 664 1617 710 parte

87 707 342 748 devotorum
380 714 595 747 oratorum
630 720 666 747 e.
691 719 724 748 s,
762 703 918 745 Prioris
940 713 983 745 et
1009 704 1196 760 Capituli
1217 712 1463 752 monasterii
1486 716 1620 757 eccle-

89 765 162 806 siae
186 764 497 814 Dunelmensis,
525 762 684 804 ordinis
716 763 851 803 sancti
886 762 1121 814 Benedicti,
1147 765 1262 820 quod
1284 767 1408 810 liceat
1433 770 1557 814 Prior
1578 784 1621 816 et

87 822 285 864 monachi
308 821 348 862 in
370 822 485 863 dicto
507 821 767 862 monasterio
797 835 875 875 pro
906 829 1100 877 tempore
1122 822 1339 878 degentes,
1352 829 1477 883 juxta
1496 845 1621 886 regu-

88 880 193 922 laria
228 879 421 921 instituta
453 879 556 921 dicti
587 878 761 928 ordinis,
786 893 951 920 sacrum
975 879 1182 934 jejunium
1204 886 1400 936 generale
1423 897 1519 930 ante
1541 890 1622 931 fes-

90 948 179 979 tum
201 938 527 980 resurreccionis
551 937 726 978 Domini
748 938 880 978 nostri
911 937 1013 978 Jesu
1049 938 1207 980 Christi
1229 956 1254 982 a
1274 953 1422 986 sancta
1443 947 1619 991 ecclesia

88 997 329 1038 institutum
361 996 503 1042 debite
535 996 775 1045 observent,
809 1004 856 1036 ut
887 1003 1098 1047 tenentur,
1123 1012 1218 1039 cum
1251 1015 1276 1041 a
1297 1001 1512 1046 dominica
1527 1021 1622 1062 sep-

90 1054 339 1109 tuagesimae
373 1053 585 1095 exclusive
622 1068 754 1109 usque
791 1053 846 1094 ad
879 1053 1135 1096 dominicam
1167 1058 1531 1115 quinquagesimae
1557 1064 1619 1105 in-

90 1113 262 1162 clusive,
286 1112 518 1153 secundum
541 1110 887 1153 consuetudinem
905 1120 947 1152 et
961 1121 1118 1154 statuta
1134 1113 1236 1155 dicti
1250 1121 1508 1172 monasterii,
1532 1137 1620 1164 non

90 1171 191 1212 licet
226 1170 282 1211 eis
319 1179 442 1211 extra
474 1170 747 1211 refectorium
779 1169 1004 1211 comedere
1036 1171 1148 1213 frixa
1171 1173 1237 1213 vel
1258 1175 1500 1230 frixaturas,
1523 1195 1620 1236 quae

89 1229 272 1270 multum
309 1227 587 1283 indisponunt
616 1226 674 1268 sic
706 1227 991 1278 comedenteS,
1016 1237 1059 1270 et
1091 1229 1326 1284 impediunt
1346 1236 1460 1290 ipsos
1482 1240 1625 1293 quoad

89 1286 426 1328 >celebracionem
450 1286 703 1335 divinorum,
723 1294 764 1327 et
782 1286 1038 1342 quandoque
1055 1302 1226 1341 gravem
1248 1289 1536 1336 infirmitatem
1561 1297 1625 1339 in-

92 1346 271 1395 ducunt,
310 1344 494 1387 maxime
527 1359 624 1385 cum
658 1343 760 1385 dicti
792 1344 1074 1398 supplicantes
1106 1345 1148 1387 in
1183 1355 1268 1389 tam
1301 1361 1394 1392 arto
1422 1352 1518 1395 loco
1539 1355 1625 1398 sint

93 1403 239 1444 situati
275 1403 392 1459 quod
431 1403 610 1460 gai-dina
645 1417 783 1458 neque
816 1417 957 1443 aerem
993 1403 1203 1446 salubrem
1239 1422 1319 1463 pro
1354 1413 1624 1457 recreacione

93 1471 272 1518 possunt
303 1461 473 1511 habere,
512 1470 556 1503 et
590 1460 690 1517 quia
724 1460 866 1517 aliqui,
902 1460 1019 1502 dicto
1056 1469 1247 1517 tempore
1274 1465 1466 1520 durante,
1501 1481 1625 1514 extra

94 1519 364 1561 refectorium
401 1520 547 1561 volunt
579 1520 730 1574 pisces,
769 1517 897 1575 aliqui
935 1533 1080 1561 carnes
1116 1520 1247 1563 frixas
1270 1525 1338 1566 vel
1360 1526 1487 1580 pistas
1509 1545 1623 1572 com-

94 1579 281 1628 medere,
304 1588 478 1633 propter
499 1592 603 1634 quos
626 1592 712 1618 non
730 1578 943 1619 modicum
961 1578 1134 1619 taedium
1149 1589 1190 1621 et
1213 1580 1565 1638 impedimentum
1582 1590 1626 1630 in

95 1637 211 1678 dicto
247 1636 506 1677 monasterio
538 1635 746 1685 exoritur,
790 1644 832 1677 et
871 1644 1047 1690 propter
1082 1637 1324 1693 hujusmodi
1357 1643 1626 1689 voluntatum

97 1695 388 1736 diversitatem
424 1695 558 1735 multa
591 1693 791 1735 scandala
812 1693 1018 1745 oriuntur,
1042 1703 1086 1736 et
1106 1697 1386 1741 servientibus
1408 1701 1448 1743 in
1472 1705 1625 1748 eodem

96 1753 220 1795 multi
241 1753 406 1794 labores
428 1752 655 1807 insurgunt
671 1767 683 1801 3
721 1752 882 1802 Quare,
905 1765 983 1806 pro
1005 1761 1126 1807 parte
1147 1756 1450 1809 praedictorum
1469 1762 1627 1807 Prioris

99 1820 141 1853 et
179 1811 379 1866 Capituli,
423 1812 624 1852 sanctitas
662 1819 802 1852 vestra
836 1809 1049 1852 humiliter
1099 1814 1373 1867 supplicatur,
1426 1821 1625 1875 quatinus

97 1869 227 1911 statui
249 1878 292 1910 et
314 1868 687 1910 commoditatibus
709 1868 812 1910 dicti
834 1870 1075 1910 monasterii
1097 1885 1222 1925 super
1243 1872 1320 1914 hiis
1342 1887 1552 1930 oportune
1574 1881 1629 1923 de

97 1927 361 1982 benignitate
382 1927 616 1984 apostolica
636 1926 862 1983 providere
880 1926 1127 1981 dignemini,
1151 1931 1267 1985 quod
1289 1932 1411 1976 dictis
1436 1936 1572 1979 Priori
1587 1948 1631 1981 et

103 1986 303 2041 Capitulo
340 1997 382 2027 et
422 1985 735 2027 successoribus
776 1985 874 2036 suis,
917 1999 1013 2026 cum
1054 1988 1249 2030 omnibus
1287 1991 1372 2033 suis
1413 1996 1627 2049 membris,

99 2045 225 2085 liceat
276 2053 397 2085 extra
446 2044 719 2085 refectorium
770 2058 915 2086 carnes
967 2059 1253 2103 quascumque
1302 2049 1503 2104 bipedum
1555 2066 1629 2098 aut

102 2102 400 2159 quatripedum
441 2103 484 2143 in
520 2103 636 2144 dicto
672 2111 877 2157 tempore,
921 2116 969 2143 ac
1000 2101 1134 2144 eciam
1170 2105 1215 2146 in
1237 2106 1379 2161 vigilia
1399 2111 1631 2155 nativitatis

103 2161 281 2203 Domini
313 2161 447 2201 nostri
480 2161 582 2202 Jesu
618 2160 790 2210 Christi,
824 2159 1022 2217 quotiens
1058 2162 1101 2201 in
1132 2161 1346 2206 dominica
1386 2170 1627 2224 contigerit,

103 2233 268 2259 necnon
305 2217 640 2274 quibuscumque
681 2218 829 2259 diebus
871 2218 974 2268 aliis,
1016 2218 1059 2258 in
1109 2220 1261 2275 quibus
1313 2239 1369 2264 ex
1413 2238 1631 2283 praecepto

104 2275 291 2318 ecclesiae
314 2291 405 2317 esus
428 2277 618 2317 carnium
640 2290 727 2316 non
757 2285 821 2317 est
851 2275 1114 2326 interdictus,
1139 2280 1377 2332 comedere,
1401 2293 1444 2324 et
1465 2285 1636 2329 interim

105 2333 278 2375 minime
293 2334 487 2389 jejunare
510 2343 758 2382 teneantur3
792 2333 1180 2384 consuetudinibus,
1204 2340 1386 2389 statutis,
1410 2357 1458 2383 ac
1480 2346 1635 2386 constr

107 2391 346 2433 tucionibus
383 2391 592 2432 dictorum
626 2390 783 2432 ordinis
819 2399 863 2431 et
896 2392 1140 2432 monasterii
1161 2392 1202 2433 in
1232 2399 1490 2442 contrarium
1510 2402 1633 2445 editis

107 2451 172 2493 vel
195 2449 371 2492 edendis
393 2449 657 2491 obstantibus
679 2448 1012 2506 quibuscumque
1028 2464 1114 2491 non
1137 2451 1413 2502 obstantibus.
