<?xml version="1.0" encoding="UTF-8"?>
<!DOCTYPE html PUBLIC "-//W3C//DTD XHTML 1.0 Transitional//EN"
    "http://www.w3.org/TR/xhtml1/DTD/xhtml1-transitional.dtd">
<html xmlns="http://www.w3.org/1999/xhtml" xml:lang="en" lang="en">
 <head>
  <title>
</title>
<meta http-equiv="Content-Type" content="text/html;charset=utf-8" />
  <meta name='ocr-system' content='tesseract 3.04.00' />
  <meta name='ocr-capabilities' content='ocr_page ocr_carea ocr_par ocr_line ocrx_word'/>
</head>
<body>
  <div class='ocr_page' id='page_1' title='image "./historiaedunelme00gauf_0159.png"; bbox 0 0 1807 2962; ppageno 0'>
   <div class='ocr_carea' id='block_1_1' title="bbox 446 96 1568 138">
    <p class='ocr_par' dir='ltr' id='par_1_1' title="bbox 446 96 1568 138">
     <span class='ocr_line' id='line_1_1' title="bbox 446 96 1568 138; baseline 0.002 -2"><span class='ocrx_word' id='word_1_1' title='bbox 446 104 708 137; x_wconf 64' lang='lat' dir='ltr'>rtoBERTUS</span> <span class='ocrx_word' id='word_1_2' title='bbox 733 100 802 135; x_wconf 79' lang='lat' dir='ltr'>DE</span> <span class='ocrx_word' id='word_1_3' title='bbox 826 102 1166 135; x_wconf 83' lang='lat' dir='ltr'><strong>GRAYSTANES.</strong></span> <span class='ocrx_word' id='word_1_4' title='bbox 1475 96 1568 138; x_wconf 86' lang='lat'>105</span> 
     </span>
    </p>
   </div>
   <div class='ocr_carea' id='block_1_2' title="bbox 0 209 1603 1832">
    <p class='ocr_par' dir='ltr' id='par_1_2' title="bbox 0 209 1603 1832">
     <span class='ocr_line' id='line_1_2' title="bbox 0 209 1576 270; baseline -0.003 -14"><span class='ocrx_word' id='word_1_5' title='bbox 0 216 12 222; x_wconf 85' lang='grc'><em>“</em></span> <span class='ocrx_word' id='word_1_6' title='bbox 51 214 262 270; x_wconf 88' lang='lat' dir='ltr'>Episcopi,</span> <span class='ocrx_word' id='word_1_7' title='bbox 295 211 411 268; x_wconf 92' lang='lat' dir='ltr'>quod</span> <span class='ocrx_word' id='word_1_8' title='bbox 432 212 540 253; x_wconf 87' lang='lat' dir='ltr'>infra</span> <span class='ocrx_word' id='word_1_9' title='bbox 576 211 762 253; x_wconf 86' lang='lat' dir='ltr'>triduum</span> <span class='ocrx_word' id='word_1_10' title='bbox 795 209 1138 252; x_wconf 88' lang='lat' dir='ltr'>elemosinarium</span> <span class='ocrx_word' id='word_1_11' title='bbox 1161 209 1382 251; x_wconf 82' lang='lat' dir='ltr'>terrarium</span> <span class='ocrx_word' id='word_1_12' title='bbox 1403 217 1446 251; x_wconf 89' lang='lat' dir='ltr'>et</span> <span class='ocrx_word' id='word_1_13' title='bbox 1468 210 1576 252; x_wconf 88' lang='lat' dir='ltr'>fere-</span> 
     </span>
     <span class='ocr_line' id='line_1_3' title="bbox 0 268 1576 323; baseline -0.003 -9"><span class='ocrx_word' id='word_1_14' title='bbox 0 269 14 281; x_wconf 63' lang='lat'><em>*</em></span> <span class='ocrx_word' id='word_1_15' title='bbox 49 272 225 314; x_wconf 90' lang='lat' dir='ltr'>trarium</span> <span class='ocrx_word' id='word_1_16' title='bbox 262 285 287 311; x_wconf 87' lang='lat' dir='ltr'>a</span> <span class='ocrx_word' id='word_1_17' title='bbox 318 269 401 310; x_wconf 88' lang='lat' dir='ltr'>suis</span> <span class='ocrx_word' id='word_1_18' title='bbox 439 269 584 311; x_wconf 90' lang='lat' dir='ltr'>officiis</span> <span class='ocrx_word' id='word_1_19' title='bbox 606 277 883 311; x_wconf 88' lang='lat' dir='ltr'>ammoveret.</span> <span class='ocrx_word' id='word_1_20' title='bbox 944 268 1238 310; x_wconf 83' lang='lat' dir='ltr'>Inducebatur</span> <span class='ocrx_word' id='word_1_21' title='bbox 1263 268 1498 323; x_wconf 85' lang='lat' dir='ltr'>Episcopus</span> <span class='ocrx_word' id='word_1_22' title='bbox 1520 269 1576 310; x_wconf 87' lang='lat' dir='ltr'>ad</span> 
     </span>
     <span class='ocr_line' id='line_1_4' title="bbox 48 325 1576 384; baseline -0.004 -12"><span class='ocrx_word' id='word_1_23' title='bbox 48 331 129 372; x_wconf 90' lang='lat' dir='ltr'>hoc</span> <span class='ocrx_word' id='word_1_24' title='bbox 160 343 238 384; x_wconf 88' lang='lat' dir='ltr'>per</span> <span class='ocrx_word' id='word_1_25' title='bbox 272 328 528 369; x_wconf 88' lang='lat' dir='ltr'>monachum</span> <span class='ocrx_word' id='word_1_26' title='bbox 562 328 746 384; x_wconf 87' lang='lat' dir='ltr'>aliquem</span> <span class='ocrx_word' id='word_1_27' title='bbox 783 326 1089 369; x_wconf 87' lang='lat' dir='ltr'>auriculantem</span> <span class='ocrx_word' id='word_1_28' title='bbox 1111 325 1197 369; x_wconf 69' lang='lat' dir='ltr'>,sibi</span> <span class='ocrx_word' id='word_1_29' title='bbox 1215 341 1226 375; x_wconf 85' lang='lat'><em>3</em></span> <span class='ocrx_word' id='word_1_30' title='bbox 1264 326 1366 367; x_wconf 89' lang='lat' dir='ltr'>tales</span> <span class='ocrx_word' id='word_1_31' title='bbox 1398 326 1510 367; x_wconf 89' lang='lat' dir='ltr'>enim</span> <span class='ocrx_word' id='word_1_32' title='bbox 1532 326 1576 367; x_wconf 91' lang='lat' dir='ltr'>in</span> 
     </span>
     <span class='ocr_line' id='line_1_5' title="bbox 50 383 1579 440; baseline -0.003 -11"><span class='ocrx_word' id='word_1_33' title='bbox 50 387 163 430; x_wconf 88' lang='lat' dir='ltr'>omni</span> <span class='ocrx_word' id='word_1_34' title='bbox 199 386 447 427; x_wconf 87' lang='lat' dir='ltr'>visitacione</span> <span class='ocrx_word' id='word_1_35' title='bbox 484 386 619 427; x_wconf 85' lang='lat' dir='ltr'>multa</span> <span class='ocrx_word' id='word_1_36' title='bbox 641 386 749 427; x_wconf 86' lang='lat' dir='ltr'>mala</span> <span class='ocrx_word' id='word_1_37' title='bbox 769 385 957 434; x_wconf 84' lang='lat' dir='ltr'>faciunt3</span> <span class='ocrx_word' id='word_1_38' title='bbox 979 399 1064 426; x_wconf 91' lang='lat' dir='ltr'>non</span> <span class='ocrx_word' id='word_1_39' title='bbox 1086 383 1197 425; x_wconf 86' lang='lat' dir='ltr'>enim</span> <span class='ocrx_word' id='word_1_40' title='bbox 1219 393 1338 425; x_wconf 87' lang='lat' dir='ltr'>erant</span> <span class='ocrx_word' id='word_1_41' title='bbox 1359 393 1579 440; x_wconf 89' lang='lat' dir='ltr'>comperta</span> 
     </span>
     <span class='ocr_line' id='line_1_6' title="bbox 49 441 1580 500; baseline -0.001 -15"><span class='ocrx_word' id='word_1_42' title='bbox 49 444 207 500; x_wconf 86' lang='lat' dir='ltr'>gravia,</span> <span class='ocrx_word' id='word_1_43' title='bbox 254 443 370 485; x_wconf 91' lang='lat' dir='ltr'>unde</span> <span class='ocrx_word' id='word_1_44' title='bbox 411 443 539 500; x_wconf 86' lang='lat' dir='ltr'>aliqui</span> <span class='ocrx_word' id='word_1_45' title='bbox 574 458 720 484; x_wconf 87' lang='lat' dir='ltr'>eorum</span> <span class='ocrx_word' id='word_1_46' title='bbox 762 443 968 484; x_wconf 90' lang='lat' dir='ltr'>deberent</span> <span class='ocrx_word' id='word_1_47' title='bbox 1006 441 1210 486; x_wconf 82' lang='lat' dir='ltr'>amoveri.</span> <span class='ocrx_word' id='word_1_48' title='bbox 1301 442 1580 483; x_wconf 87' lang='lat' dir='ltr'>Deliberabat</span> 
     </span>
     <span class='ocr_line' id='line_1_7' title="bbox 53 499 1582 557; baseline -0.003 -13"><span class='ocrx_word' id='word_1_49' title='bbox 53 502 177 545; x_wconf 86' lang='lat' dir='ltr'>Prior</span> <span class='ocrx_word' id='word_1_50' title='bbox 210 516 306 543; x_wconf 89' lang='lat' dir='ltr'>cum</span> <span class='ocrx_word' id='word_1_51' title='bbox 339 502 423 543; x_wconf 89' lang='lat' dir='ltr'>suis</span> <span class='ocrx_word' id='word_1_52' title='bbox 455 511 498 542; x_wconf 89' lang='lat' dir='ltr'>et</span> <span class='ocrx_word' id='word_1_53' title='bbox 524 501 777 557; x_wconf 83' lang='lat' dir='ltr'>quibusdam</span> <span class='ocrx_word' id='word_1_54' title='bbox 799 500 1035 541; x_wconf 85' lang='lat' dir='ltr'>dicentibus</span> <span class='ocrx_word' id='word_1_55' title='bbox 1057 500 1150 541; x_wconf 88' lang='lat' dir='ltr'>haec</span> <span class='ocrx_word' id='word_1_56' title='bbox 1171 515 1262 542; x_wconf 86' lang='lat' dir='ltr'>esse</span> <span class='ocrx_word' id='word_1_57' title='bbox 1284 509 1432 542; x_wconf 84' lang='lat' dir='ltr'>contra</span> <span class='ocrx_word' id='word_1_58' title='bbox 1451 499 1582 555; x_wconf 87' lang='lat' dir='ltr'>privi-</span> 
     </span>
     <span class='ocr_line' id='line_1_8' title="bbox 49 557 1584 616; baseline -0.001 -15"><span class='ocrx_word' id='word_1_59' title='bbox 49 559 222 615; x_wconf 85' lang='lat' dir='ltr'>legium,</span> <span class='ocrx_word' id='word_1_60' title='bbox 245 574 332 616; x_wconf 89' lang='lat' dir='ltr'>quo</span> <span class='ocrx_word' id='word_1_61' title='bbox 352 570 523 600; x_wconf 81' lang='lat' dir='ltr'>cavetur</span> <span class='ocrx_word' id='word_1_62' title='bbox 537 559 653 615; x_wconf 91' lang='lat' dir='ltr'>quod</span> <span class='ocrx_word' id='word_1_63' title='bbox 672 559 796 601; x_wconf 84' lang='lat' dir='ltr'>Prior</span> <span class='ocrx_word' id='word_1_64' title='bbox 817 558 947 599; x_wconf 82' lang='lat' dir='ltr'>debet</span> <span class='ocrx_word' id='word_1_65' title='bbox 963 557 1095 599; x_wconf 85' lang='lat' dir='ltr'>libere</span> <span class='ocrx_word' id='word_1_66' title='bbox 1116 559 1343 614; x_wconf 76' lang='lat' dir='ltr'>disponere</span> <span class='ocrx_word' id='word_1_67' title='bbox 1365 559 1418 599; x_wconf 92' lang='lat' dir='ltr'>de</span> <span class='ocrx_word' id='word_1_68' title='bbox 1435 572 1584 599; x_wconf 89' lang='lat' dir='ltr'>mona-</span> 
     </span>
     <span class='ocr_line' id='line_1_9' title="bbox 53 616 1585 671; baseline -0.002 -11"><span class='ocrx_word' id='word_1_69' title='bbox 53 618 140 660; x_wconf 87' lang='lat' dir='ltr'>chis</span> <span class='ocrx_word' id='word_1_70' title='bbox 172 616 271 668; x_wconf 85' lang='lat' dir='ltr'>suis,</span> <span class='ocrx_word' id='word_1_71' title='bbox 310 626 354 658; x_wconf 88' lang='lat' dir='ltr'>et</span> <span class='ocrx_word' id='word_1_72' title='bbox 390 616 724 658; x_wconf 81' lang='lat' dir='ltr'>obedienciarios</span> <span class='ocrx_word' id='word_1_73' title='bbox 759 616 890 657; x_wconf 85' lang='lat' dir='ltr'>libere</span> <span class='ocrx_word' id='word_1_74' title='bbox 920 616 1141 671; x_wconf 79' lang='lat' dir='ltr'>praeficere</span> <span class='ocrx_word' id='word_1_75' title='bbox 1171 626 1215 658; x_wconf 87' lang='lat' dir='ltr'>et</span> <span class='ocrx_word' id='word_1_76' title='bbox 1250 631 1506 666; x_wconf 81' lang='lat' dir='ltr'><strong>ammovere,</strong></span> <span class='ocrx_word' id='word_1_77' title='bbox 1539 625 1585 657; x_wconf 90' lang='lat' dir='ltr'>et</span> 
     </span>
     <span class='ocr_line' id='line_1_10' title="bbox 52 673 1585 729; baseline -0.002 -11"><span class='ocrx_word' id='word_1_78' title='bbox 52 677 150 718; x_wconf 82' lang='lat' dir='ltr'>ideo</span> <span class='ocrx_word' id='word_1_79' title='bbox 171 690 257 716; x_wconf 91' lang='lat' dir='ltr'>non</span> <span class='ocrx_word' id='word_1_80' title='bbox 293 690 382 716; x_wconf 90' lang='lat' dir='ltr'>esse</span> <span class='ocrx_word' id='word_1_81' title='bbox 405 674 691 716; x_wconf 82' lang='lat' dir='ltr'>obediendum</span> <span class='ocrx_word' id='word_1_82' title='bbox 715 673 930 729; x_wconf 80' lang='lat' dir='ltr'>Episcopo</span> <span class='ocrx_word' id='word_1_83' title='bbox 961 674 1003 714; x_wconf 87' lang='lat' dir='ltr'>iu</span> <span class='ocrx_word' id='word_1_84' title='bbox 1032 674 1114 715; x_wconf 91' lang='lat' dir='ltr'>hoc</span> <span class='ocrx_word' id='word_1_85' title='bbox 1142 689 1271 723; x_wconf 86' lang='lat' dir='ltr'>casu3</span> <span class='ocrx_word' id='word_1_86' title='bbox 1303 674 1394 715; x_wconf 89' lang='lat' dir='ltr'>aliis</span> <span class='ocrx_word' id='word_1_87' title='bbox 1420 689 1536 725; x_wconf 89' lang='lat' dir='ltr'>vero,</span> <span class='ocrx_word' id='word_1_88' title='bbox 1561 690 1585 715; x_wconf 89' lang='lat' dir='ltr'>e</span> 
     </span>
     <span class='ocr_line' id='line_1_11' title="bbox 54 732 1585 790; baseline -0.001 -15"><span class='ocrx_word' id='word_1_89' title='bbox 54 742 217 783; x_wconf 88' lang='lat' dir='ltr'>contra,</span> <span class='ocrx_word' id='word_1_90' title='bbox 257 732 497 774; x_wconf 84' lang='lat' dir='ltr'>dicentibus</span> <span class='ocrx_word' id='word_1_91' title='bbox 531 733 646 788; x_wconf 88' lang='lat' dir='ltr'>quod</span> <span class='ocrx_word' id='word_1_92' title='bbox 682 747 811 790; x_wconf 86' lang='lat' dir='ltr'>grave</span> <span class='ocrx_word' id='word_1_93' title='bbox 833 745 944 774; x_wconf 86' lang='lat' dir='ltr'>esset</span> <span class='ocrx_word' id='word_1_94' title='bbox 965 732 1224 774; x_wconf 80' lang='lat' dir='ltr'>contendere</span> <span class='ocrx_word' id='word_1_95' title='bbox 1246 747 1342 774; x_wconf 91' lang='lat' dir='ltr'>cum</span> <span class='ocrx_word' id='word_1_96' title='bbox 1368 732 1585 788; x_wconf 85' lang='lat' dir='ltr'>Episcopo</span> 
     </span>
     <span class='ocr_line' id='line_1_12' title="bbox 55 789 1585 848; baseline -0.001 -16"><span class='ocrx_word' id='word_1_97' title='bbox 55 807 134 848; x_wconf 90' lang='lat' dir='ltr'>pro</span> <span class='ocrx_word' id='word_1_98' title='bbox 171 799 307 841; x_wconf 85' lang='lat' dir='ltr'>tanto,</span> <span class='ocrx_word' id='word_1_99' title='bbox 347 790 446 847; x_wconf 89' lang='lat' dir='ltr'>quia</span> <span class='ocrx_word' id='word_1_100' title='bbox 478 790 673 831; x_wconf 87' lang='lat' dir='ltr'>domin-us</span> <span class='ocrx_word' id='word_1_101' title='bbox 707 799 772 832; x_wconf 88' lang='lat' dir='ltr'>est</span> <span class='ocrx_word' id='word_1_102' title='bbox 802 789 847 831; x_wconf 91' lang='lat' dir='ltr'>in</span> <span class='ocrx_word' id='word_1_103' title='bbox 881 790 1185 844; x_wconf 80' lang='lat' dir='ltr'>temporalibus</span> <span class='ocrx_word' id='word_1_104' title='bbox 1207 798 1248 831; x_wconf 91' lang='lat' dir='ltr'>et</span> <span class='ocrx_word' id='word_1_105' title='bbox 1270 790 1585 845; x_wconf 84' lang='lat' dir='ltr'>spiritualibus3</span> 
     </span>
     <span class='ocr_line' id='line_1_13' title="bbox 55 847 1590 906; baseline -0.002 -15"><span class='ocrx_word' id='word_1_106' title='bbox 55 849 243 891; x_wconf 83' lang='lat' dir='ltr'>maxime</span> <span class='ocrx_word' id='word_1_107' title='bbox 280 864 377 890; x_wconf 89' lang='lat' dir='ltr'>cum</span> <span class='ocrx_word' id='word_1_108' title='bbox 413 848 507 889; x_wconf 88' lang='lat' dir='ltr'>talis</span> <span class='ocrx_word' id='word_1_109' title='bbox 539 848 747 903; x_wconf 85' lang='lat' dir='ltr'>injunctio</span> <span class='ocrx_word' id='word_1_110' title='bbox 771 863 854 889; x_wconf 89' lang='lat' dir='ltr'>non</span> <span class='ocrx_word' id='word_1_111' title='bbox 876 848 1003 889; x_wconf 90' lang='lat' dir='ltr'>fuerit</span> <span class='ocrx_word' id='word_1_112' title='bbox 1025 847 1103 888; x_wconf 83' lang='lat' dir='ltr'>nisi</span> <span class='ocrx_word' id='word_1_113' title='bbox 1125 848 1329 890; x_wconf 82' lang='lat' dir='ltr'>excitatio</span> <span class='ocrx_word' id='word_1_114' title='bbox 1353 849 1403 906; x_wconf 70' lang='lat' dir='ltr'>(P</span> <span class='ocrx_word' id='word_1_115' title='bbox 1425 848 1590 890; x_wconf 88' lang='lat' dir='ltr'>exerci-</span> 
     </span>
     <span class='ocr_line' id='line_1_14' title="bbox 58 906 1589 963; baseline -0.001 -14"><span class='ocrx_word' id='word_1_116' title='bbox 58 907 185 963; x_wconf 90' lang='lat' dir='ltr'>tatio)</span> <span class='ocrx_word' id='word_1_117' title='bbox 218 906 346 948; x_wconf 83' lang='lat' dir='ltr'>officii</span> <span class='ocrx_word' id='word_1_118' title='bbox 386 906 558 956; x_wconf 81' lang='lat' dir='ltr'>Prioris,</span> <span class='ocrx_word' id='word_1_119' title='bbox 591 916 635 948; x_wconf 91' lang='lat' dir='ltr'>et</span> <span class='ocrx_word' id='word_1_120' title='bbox 666 906 782 962; x_wconf 87' lang='lat' dir='ltr'>quod</span> <span class='ocrx_word' id='word_1_121' title='bbox 808 906 932 947; x_wconf 83' lang='lat' dir='ltr'>Prior</span> <span class='ocrx_word' id='word_1_122' title='bbox 952 915 1095 961; x_wconf 81' lang='lat' dir='ltr'>posset</span> <span class='ocrx_word' id='word_1_123' title='bbox 1113 907 1354 961; x_wconf 84' lang='lat' dir='ltr'>protestari,</span> <span class='ocrx_word' id='word_1_124' title='bbox 1379 907 1494 963; x_wconf 88' lang='lat' dir='ltr'>quod</span> <span class='ocrx_word' id='word_1_125' title='bbox 1516 921 1589 948; x_wconf 85' lang='lat' dir='ltr'>eos</span> 
     </span>
     <span class='ocr_line' id='line_1_15' title="bbox 58 963 1592 1020; baseline -0.001 -14"><span class='ocrx_word' id='word_1_126' title='bbox 58 980 144 1006; x_wconf 86' lang='lat' dir='ltr'>non</span> <span class='ocrx_word' id='word_1_127' title='bbox 176 973 438 1006; x_wconf 87' lang='lat' dir='ltr'>ammoveret</span> <span class='ocrx_word' id='word_1_128' title='bbox 468 972 642 1019; x_wconf 86' lang='lat' dir='ltr'>propter</span> <span class='ocrx_word' id='word_1_129' title='bbox 671 963 981 1020; x_wconf 82' lang='lat' dir='ltr'>injunctionem</span> <span class='ocrx_word' id='word_1_130' title='bbox 1019 964 1230 1020; x_wconf 81' lang='lat' dir='ltr'>Episcopi,</span> <span class='ocrx_word' id='word_1_131' title='bbox 1255 965 1329 1006; x_wconf 90' lang='lat' dir='ltr'>sed</span> <span class='ocrx_word' id='word_1_132' title='bbox 1351 973 1472 1006; x_wconf 89' lang='lat' dir='ltr'>motu</span> <span class='ocrx_word' id='word_1_133' title='bbox 1492 978 1592 1019; x_wconf 90' lang='lat' dir='ltr'>pro-</span> 
     </span>
     <span class='ocr_line' id='line_1_16' title="bbox 60 1022 1592 1079; baseline 0.001 -16"><span class='ocrx_word' id='word_1_134' title='bbox 60 1022 155 1079; x_wconf 87' lang='lat' dir='ltr'>prio</span> <span class='ocrx_word' id='word_1_135' title='bbox 173 1038 184 1072; x_wconf 86' lang='lat'>3</span> <span class='ocrx_word' id='word_1_136' title='bbox 232 1023 404 1064; x_wconf 90' lang='lat' dir='ltr'>tandem</span> <span class='ocrx_word' id='word_1_137' title='bbox 444 1022 558 1064; x_wconf 80' lang='lat' dir='ltr'>faeta</span> <span class='ocrx_word' id='word_1_138' title='bbox 596 1022 912 1077; x_wconf 85' lang='lat' dir='ltr'>protestacione</span> <span class='ocrx_word' id='word_1_139' title='bbox 952 1022 1041 1072; x_wconf 84' lang='lat' dir='ltr'>tali,</span> <span class='ocrx_word' id='word_1_140' title='bbox 1084 1022 1384 1064; x_wconf 84' lang='lat' dir='ltr'>obedienciarii</span> <span class='ocrx_word' id='word_1_141' title='bbox 1424 1022 1592 1077; x_wconf 81' lang='lat' dir='ltr'>praefati</span> 
     </span>
     <span class='ocr_line' id='line_1_17' title="bbox 62 1079 1590 1135; baseline -0.001 -12"><span class='ocrx_word' id='word_1_142' title='bbox 62 1089 217 1135; x_wconf 87' lang='lat' dir='ltr'>sponte</span> <span class='ocrx_word' id='word_1_143' title='bbox 257 1079 643 1122; x_wconf 82' lang='lat' dir='ltr'>administrationes</span> <span class='ocrx_word' id='word_1_144' title='bbox 674 1096 769 1122; x_wconf 85' lang='lat' dir='ltr'>suas</span> <span class='ocrx_word' id='word_1_145' title='bbox 810 1081 1077 1135; x_wconf 84' lang='lat' dir='ltr'>resignarunt</span> <span class='ocrx_word' id='word_1_146' title='bbox 1118 1080 1159 1120; x_wconf 92' lang='lat' dir='ltr'>in</span> <span class='ocrx_word' id='word_1_147' title='bbox 1200 1095 1372 1122; x_wconf 90' lang='lat' dir='ltr'>manum</span> <span class='ocrx_word' id='word_1_148' title='bbox 1418 1080 1590 1122; x_wconf 87' lang='lat' dir='ltr'>Prioris.</span> 
     </span>
     <span class='ocr_line' id='line_1_18' title="bbox 63 1138 1593 1194; baseline -0.001 -13"><span class='ocrx_word' id='word_1_149' title='bbox 63 1138 313 1194; x_wconf 81' lang='lat' dir='ltr'>EpiscopuS,</span> <span class='ocrx_word' id='word_1_150' title='bbox 346 1153 461 1188; x_wconf 86' lang='lat' dir='ltr'>vero,</span> <span class='ocrx_word' id='word_1_151' title='bbox 484 1138 564 1180; x_wconf 85' lang='lat' dir='ltr'>etsi</span> <span class='ocrx_word' id='word_1_152' title='bbox 585 1153 670 1179; x_wconf 87' lang='lat' dir='ltr'>non</span> <span class='ocrx_word' id='word_1_153' title='bbox 692 1148 860 1194; x_wconf 87' lang='lat' dir='ltr'>peteret</span> <span class='ocrx_word' id='word_1_154' title='bbox 880 1138 1224 1194; x_wconf 88' lang='lat' dir='ltr'>procurationem</span> <span class='ocrx_word' id='word_1_155' title='bbox 1246 1139 1458 1180; x_wconf 84' lang='lat' dir='ltr'>visitando</span> <span class='ocrx_word' id='word_1_156' title='bbox 1480 1140 1593 1193; x_wconf 90' lang='lat' dir='ltr'>capi-</span> 
     </span>
     <span class='ocr_line' id='line_1_19' title="bbox 63 1195 1595 1252; baseline -0.001 -14"><span class='ocrx_word' id='word_1_157' title='bbox 63 1197 213 1245; x_wconf 88' lang='lat' dir='ltr'>tulum,</span> <span class='ocrx_word' id='word_1_158' title='bbox 230 1196 355 1252; x_wconf 83' lang='lat' dir='ltr'>petiit</span> <span class='ocrx_word' id='word_1_159' title='bbox 374 1206 518 1237; x_wconf 82' lang='lat' dir='ltr'>tamen</span> <span class='ocrx_word' id='word_1_160' title='bbox 533 1195 576 1237; x_wconf 88' lang='lat' dir='ltr'>in</span> <span class='ocrx_word' id='word_1_161' title='bbox 594 1195 765 1251; x_wconf 86' lang='lat' dir='ltr'>singulis</span> <span class='ocrx_word' id='word_1_162' title='bbox 787 1196 972 1238; x_wconf 87' lang='lat' dir='ltr'>ecclesiis</span> <span class='ocrx_word' id='word_1_163' title='bbox 989 1197 1206 1237; x_wconf 85' lang='lat' dir='ltr'>monachis</span> <span class='ocrx_word' id='word_1_164' title='bbox 1225 1197 1520 1252; x_wconf 84' lang='lat' dir='ltr'>appropriatis,</span> <span class='ocrx_word' id='word_1_165' title='bbox 1533 1196 1595 1236; x_wconf 90' lang='lat' dir='ltr'>vi-</span> 
     </span>
     <span class='ocr_line' id='line_1_20' title="bbox 63 1254 1594 1310; baseline 0.001 -16"><span class='ocrx_word' id='word_1_166' title='bbox 63 1254 230 1296; x_wconf 85' lang='lat' dir='ltr'>sitando</span> <span class='ocrx_word' id='word_1_167' title='bbox 245 1269 313 1296; x_wconf 85' lang='lat' dir='ltr'>eas</span> <span class='ocrx_word' id='word_1_168' title='bbox 325 1270 336 1303; x_wconf 85' lang='lat'><em>3</em></span> <span class='ocrx_word' id='word_1_169' title='bbox 359 1263 595 1295; x_wconf 89' lang='lat' dir='ltr'>conventus</span> <span class='ocrx_word' id='word_1_170' title='bbox 611 1270 710 1296; x_wconf 88' lang='lat' dir='ltr'>vero</span> <span class='ocrx_word' id='word_1_171' title='bbox 732 1255 944 1309; x_wconf 83' lang='lat' dir='ltr'>allegabat</span> <span class='ocrx_word' id='word_1_172' title='bbox 965 1269 1180 1310; x_wconf 90' lang='lat' dir='ltr'>nunquam</span> <span class='ocrx_word' id='word_1_173' title='bbox 1199 1255 1299 1296; x_wconf 87' lang='lat' dir='ltr'>talia</span> <span class='ocrx_word' id='word_1_174' title='bbox 1320 1255 1372 1296; x_wconf 88' lang='lat' dir='ltr'>ab</span> <span class='ocrx_word' id='word_1_175' title='bbox 1391 1254 1448 1296; x_wconf 90' lang='lat' dir='ltr'>eis</span> <span class='ocrx_word' id='word_1_176' title='bbox 1466 1254 1594 1296; x_wconf 84' lang='lat' dir='ltr'>fuisse</span> 
     </span>
     <span class='ocr_line' id='line_1_21' title="bbox 66 1311 1596 1367; baseline 0 -14"><span class='ocrx_word' id='word_1_177' title='bbox 66 1321 241 1354; x_wconf 84' lang='lat' dir='ltr'>exacta:</span> <span class='ocrx_word' id='word_1_178' title='bbox 285 1311 361 1353; x_wconf 87' lang='lat' dir='ltr'>sed</span> <span class='ocrx_word' id='word_1_179' title='bbox 398 1327 494 1353; x_wconf 91' lang='lat' dir='ltr'>cum</span> <span class='ocrx_word' id='word_1_180' title='bbox 535 1312 650 1354; x_wconf 85' lang='lat' dir='ltr'>aliud</span> <span class='ocrx_word' id='word_1_181' title='bbox 687 1312 936 1353; x_wconf 87' lang='lat' dir='ltr'>rationabile</span> <span class='ocrx_word' id='word_1_182' title='bbox 971 1327 1057 1353; x_wconf 88' lang='lat' dir='ltr'>non</span> <span class='ocrx_word' id='word_1_183' title='bbox 1093 1321 1395 1367; x_wconf 85' lang='lat' dir='ltr'>proponerent,</span> <span class='ocrx_word' id='word_1_184' title='bbox 1421 1312 1596 1354; x_wconf 86' lang='lat' dir='ltr'>tandem</span> 
     </span>
     <span class='ocr_line' id='line_1_22' title="bbox 69 1370 1596 1426; baseline 0 -15"><span class='ocrx_word' id='word_1_185' title='bbox 69 1378 399 1425; x_wconf 86' lang='lat' dir='ltr'>composuerunt</span> <span class='ocrx_word' id='word_1_186' title='bbox 431 1385 528 1411; x_wconf 91' lang='lat' dir='ltr'>cum</span> <span class='ocrx_word' id='word_1_187' title='bbox 550 1386 615 1421; x_wconf 86' lang='lat' dir='ltr'>eo,</span> <span class='ocrx_word' id='word_1_188' title='bbox 644 1371 787 1412; x_wconf 87' lang='lat' dir='ltr'>dando</span> <span class='ocrx_word' id='word_1_189' title='bbox 809 1370 848 1412; x_wconf 89' lang='lat' dir='ltr'>ei</span> <span class='ocrx_word' id='word_1_190' title='bbox 870 1379 1039 1412; x_wconf 87' lang='lat' dir='ltr'>centum</span> <span class='ocrx_word' id='word_1_191' title='bbox 1061 1385 1247 1419; x_wconf 82' lang='lat' dir='ltr'>marcas3</span> <span class='ocrx_word' id='word_1_192' title='bbox 1271 1370 1416 1426; x_wconf 89' lang='lat' dir='ltr'>etipse</span> <span class='ocrx_word' id='word_1_193' title='bbox 1437 1385 1515 1425; x_wconf 89' lang='lat' dir='ltr'>pro</span> <span class='ocrx_word' id='word_1_194' title='bbox 1537 1370 1596 1412; x_wconf 88' lang='lat' dir='ltr'>eis</span> 
     </span>
     <span class='ocr_line' id='line_1_23' title="bbox 69 1428 1599 1483; baseline 0 -13"><span class='ocrx_word' id='word_1_195' title='bbox 69 1428 235 1470; x_wconf 85' lang='lat' dir='ltr'>remisit</span> <span class='ocrx_word' id='word_1_196' title='bbox 265 1428 323 1468; x_wconf 89' lang='lat' dir='ltr'>eis</span> <span class='ocrx_word' id='word_1_197' title='bbox 353 1443 521 1469; x_wconf 91' lang='lat' dir='ltr'>omnem</span> <span class='ocrx_word' id='word_1_198' title='bbox 550 1428 891 1483; x_wconf 81' lang='lat' dir='ltr'>procurationem</span> <span class='ocrx_word' id='word_1_199' title='bbox 914 1428 1079 1470; x_wconf 87' lang='lat' dir='ltr'>ratione</span> <span class='ocrx_word' id='word_1_200' title='bbox 1101 1428 1357 1470; x_wconf 86' lang='lat' dir='ltr'>visitacionis</span> <span class='ocrx_word' id='word_1_201' title='bbox 1379 1428 1457 1470; x_wconf 88' lang='lat' dir='ltr'>sibi</span> <span class='ocrx_word' id='word_1_202' title='bbox 1480 1428 1599 1470; x_wconf 92' lang='lat' dir='ltr'>debi-</span> 
     </span>
     <span class='ocr_line' id='line_1_24' title="bbox 72 1486 1603 1541; baseline 0 -14"><span class='ocrx_word' id='word_1_203' title='bbox 72 1497 174 1537; x_wconf 85' lang='lat' dir='ltr'>tam,</span> <span class='ocrx_word' id='word_1_204' title='bbox 206 1501 286 1541; x_wconf 91' lang='lat' dir='ltr'>pro</span> <span class='ocrx_word' id='word_1_205' title='bbox 309 1495 401 1527; x_wconf 90' lang='lat' dir='ltr'>toto</span> <span class='ocrx_word' id='word_1_206' title='bbox 423 1497 614 1541; x_wconf 90' lang='lat' dir='ltr'>tempore</span> <span class='ocrx_word' id='word_1_207' title='bbox 636 1487 736 1528; x_wconf 84' lang='lat' dir='ltr'>vitae</span> <span class='ocrx_word' id='word_1_208' title='bbox 757 1501 854 1527; x_wconf 80' lang='lat' dir='ltr'>suae.</span> <span class='ocrx_word' id='word_1_209' title='bbox 923 1487 974 1528; x_wconf 89' lang='lat' dir='ltr'>In</span> <span class='ocrx_word' id='word_1_210' title='bbox 995 1486 1111 1527; x_wconf 91' lang='lat' dir='ltr'>omni</span> <span class='ocrx_word' id='word_1_211' title='bbox 1132 1486 1297 1528; x_wconf 89' lang='lat' dir='ltr'>actione</span> <span class='ocrx_word' id='word_1_212' title='bbox 1321 1487 1478 1528; x_wconf 87' lang='lat' dir='ltr'>Prioris</span> <span class='ocrx_word' id='word_1_213' title='bbox 1500 1501 1603 1527; x_wconf 87' lang='lat' dir='ltr'>con-</span> 
     </span>
     <span class='ocr_line' id='line_1_25' title="bbox 74 1544 1600 1600; baseline 0 -15"><span class='ocrx_word' id='word_1_214' title='bbox 74 1555 138 1585; x_wconf 89' lang='lat' dir='ltr'>tra</span> <span class='ocrx_word' id='word_1_215' title='bbox 169 1544 427 1599; x_wconf 89' lang='lat' dir='ltr'>Episcopum</span> <span class='ocrx_word' id='word_1_216' title='bbox 459 1544 682 1585; x_wconf 83' lang='lat' dir='ltr'>confundit</span> <span class='ocrx_word' id='word_1_217' title='bbox 703 1544 894 1585; x_wconf 87' lang='lat' dir='ltr'>Priorem</span> <span class='ocrx_word' id='word_1_218' title='bbox 916 1553 1101 1599; x_wconf 84' lang='lat' dir='ltr'>potestas</span> <span class='ocrx_word' id='word_1_219' title='bbox 1124 1544 1324 1600; x_wconf 89' lang='lat' dir='ltr'>Episcopi</span> <span class='ocrx_word' id='word_1_220' title='bbox 1346 1544 1387 1585; x_wconf 89' lang='lat' dir='ltr'>in</span> <span class='ocrx_word' id='word_1_221' title='bbox 1404 1544 1600 1600; x_wconf 89' lang='lat' dir='ltr'>spiritua-</span> 
     </span>
     <span class='ocr_line' id='line_1_26' title="bbox 71 1601 1600 1658; baseline 0.001 -15"><span class='ocrx_word' id='word_1_222' title='bbox 71 1602 180 1644; x_wconf 88' lang='lat' dir='ltr'>libus</span> <span class='ocrx_word' id='word_1_223' title='bbox 213 1612 256 1642; x_wconf 92' lang='lat' dir='ltr'>et</span> <span class='ocrx_word' id='word_1_224' title='bbox 287 1601 620 1656; x_wconf 76' lang='lat' dir='ltr'>temporalibus3</span> <span class='ocrx_word' id='word_1_225' title='bbox 654 1611 712 1652; x_wconf 91' lang='lat' dir='ltr'>et,</span> <span class='ocrx_word' id='word_1_226' title='bbox 752 1602 785 1643; x_wconf 91' lang='lat' dir='ltr'>si</span> <span class='ocrx_word' id='word_1_227' title='bbox 821 1603 1055 1658; x_wconf 88' lang='lat' dir='ltr'>Episcopus</span> <span class='ocrx_word' id='word_1_228' title='bbox 1087 1603 1330 1653; x_wconf 88' lang='lat' dir='ltr'>excesserit,</span> <span class='ocrx_word' id='word_1_229' title='bbox 1362 1603 1600 1645; x_wconf 87' lang='lat' dir='ltr'>rehabendi</span> 
     </span>
     <span class='ocr_line' id='line_1_27' title="bbox 72 1658 1601 1716; baseline 0.001 -15"><span class='ocrx_word' id='word_1_230' title='bbox 72 1658 309 1701; x_wconf 83' lang='lat' dir='ltr'>remedium</span> <span class='ocrx_word' id='word_1_231' title='bbox 331 1670 393 1700; x_wconf 90' lang='lat' dir='ltr'>est</span> <span class='ocrx_word' id='word_1_232' title='bbox 409 1659 644 1703; x_wconf 82' lang='lat' dir='ltr'>difficultas,</span> <span class='ocrx_word' id='word_1_233' title='bbox 682 1660 775 1701; x_wconf 88' lang='lat' dir='ltr'>Istis</span> <span class='ocrx_word' id='word_1_234' title='bbox 794 1670 934 1701; x_wconf 86' lang='lat' dir='ltr'>tamen</span> <span class='ocrx_word' id='word_1_235' title='bbox 952 1660 1129 1701; x_wconf 87' lang='lat' dir='ltr'>fratrum</span> <span class='ocrx_word' id='word_1_236' title='bbox 1145 1660 1296 1702; x_wconf 85' lang='lat' dir='ltr'>divisio</span> <span class='ocrx_word' id='word_1_237' title='bbox 1313 1662 1444 1716; x_wconf 88' lang='lat' dir='ltr'>magis</span> <span class='ocrx_word' id='word_1_238' title='bbox 1462 1662 1601 1703; x_wconf 90' lang='lat' dir='ltr'>obest.</span> 
     </span>
     <span class='ocr_line' id='line_1_28' title="bbox 78 1718 1602 1774; baseline 0.001 -16"><span class='ocrx_word' id='word_1_239' title='bbox 78 1718 231 1758; x_wconf 88' lang='lat' dir='ltr'>Poenas</span> <span class='ocrx_word' id='word_1_240' title='bbox 262 1726 305 1758; x_wconf 91' lang='lat' dir='ltr'>et</span> <span class='ocrx_word' id='word_1_241' title='bbox 326 1718 567 1758; x_wconf 86' lang='lat' dir='ltr'>commissas</span> <span class='ocrx_word' id='word_1_242' title='bbox 589 1733 665 1773; x_wconf 90' lang='lat' dir='ltr'>pro</span> <span class='ocrx_word' id='word_1_243' title='bbox 697 1718 1003 1774; x_wconf 85' lang='lat' dir='ltr'>irreparatione</span> <span class='ocrx_word' id='word_1_244' title='bbox 1025 1718 1309 1769; x_wconf 87' lang='lat' dir='ltr'>ecclesiarum,</span> <span class='ocrx_word' id='word_1_245' title='bbox 1329 1719 1602 1761; x_wconf 91' lang='lat' dir='ltr'>vestimento-</span> 
     </span>
     <span class='ocr_line' id='line_1_29' title="bbox 73 1775 1603 1832; baseline 0.001 -16"><span class='ocrx_word' id='word_1_246' title='bbox 73 1790 182 1825; x_wconf 87' lang='lat' dir='ltr'>rum,</span> <span class='ocrx_word' id='word_1_247' title='bbox 206 1784 248 1816; x_wconf 89' lang='lat' dir='ltr'>et</span> <span class='ocrx_word' id='word_1_248' title='bbox 268 1775 486 1826; x_wconf 84' lang='lat' dir='ltr'>librorum,</span> <span class='ocrx_word' id='word_1_249' title='bbox 509 1775 743 1831; x_wconf 86' lang='lat' dir='ltr'>impositas,</span> <span class='ocrx_word' id='word_1_250' title='bbox 766 1791 900 1832; x_wconf 86' lang='lat' dir='ltr'>usque</span> <span class='ocrx_word' id='word_1_251' title='bbox 922 1777 976 1818; x_wconf 89' lang='lat' dir='ltr'>ad</span> <span class='ocrx_word' id='word_1_252' title='bbox 997 1776 1102 1818; x_wconf 88' lang='lat' dir='ltr'>illud</span> <span class='ocrx_word' id='word_1_253' title='bbox 1123 1786 1287 1831; x_wconf 89' lang='lat' dir='ltr'>tempus</span> <span class='ocrx_word' id='word_1_254' title='bbox 1308 1777 1459 1819; x_wconf 89' lang='lat' dir='ltr'>eodem</span> <span class='ocrx_word' id='word_1_255' title='bbox 1477 1786 1603 1832; x_wconf 88' lang='lat' dir='ltr'>pacto</span> 
     </span>
    </p>
   </div>
   <div class='ocr_carea' id='block_1_3' title="bbox 75 1832 1602 1948">
    <p class='ocr_par' dir='ltr' id='par_1_3' title="bbox 75 1832 1602 1948">
     <span class='ocr_line' id='line_1_30' title="bbox 75 1832 1602 1890; baseline 0.001 -16"><span class='ocrx_word' id='word_1_256' title='bbox 75 1832 251 1884; x_wconf 79' lang='lat' dir='ltr'>remisit,</span> <span class='ocrx_word' id='word_1_257' title='bbox 275 1841 318 1874; x_wconf 86' lang='lat' dir='ltr'>et</span> <span class='ocrx_word' id='word_1_258' title='bbox 339 1833 563 1888; x_wconf 86' lang='lat' dir='ltr'>pensiones</span> <span class='ocrx_word' id='word_1_259' title='bbox 585 1835 638 1875; x_wconf 89' lang='lat' dir='ltr'>ab</span> <span class='ocrx_word' id='word_1_260' title='bbox 659 1834 844 1876; x_wconf 89' lang='lat' dir='ltr'>ecclesiis</span> <span class='ocrx_word' id='word_1_261' title='bbox 865 1834 974 1875; x_wconf 87' lang='lat' dir='ltr'>infra</span> <span class='ocrx_word' id='word_1_262' title='bbox 993 1849 1123 1890; x_wconf 90' lang='lat' dir='ltr'>aquas</span> <span class='ocrx_word' id='word_1_263' title='bbox 1144 1835 1306 1878; x_wconf 88' lang='lat' dir='ltr'>debitas</span> <span class='ocrx_word' id='word_1_264' title='bbox 1324 1835 1602 1885; x_wconf 86' lang='lat' dir='ltr'>confirmavit,</span> 
     </span>
     <span class='ocr_line' id='line_1_31' title="bbox 82 1891 671 1948; baseline -0.002 -15"><span class='ocrx_word' id='word_1_265' title='bbox 82 1891 234 1933; x_wconf 84' lang='lat' dir='ltr'>eodem</span> <span class='ocrx_word' id='word_1_266' title='bbox 265 1906 376 1933; x_wconf 87' lang='lat' dir='ltr'>anno</span> <span class='ocrx_word' id='word_1_267' title='bbox 401 1906 486 1948; x_wconf 93' lang='lat' dir='ltr'>quo</span> <span class='ocrx_word' id='word_1_268' title='bbox 507 1891 671 1948; x_wconf 66' lang='lat' dir='ltr'>supra]</span> 
     </span>
    </p>
   </div>
   <div class='ocr_carea' id='block_1_4' title="bbox 202 2195 1493 2292">
    <p class='ocr_par' dir='ltr' id='par_1_4' title="bbox 202 2195 1493 2292">
     <span class='ocr_line' id='line_1_32' title="bbox 202 2195 1493 2231; baseline 0.008 -9"><span class='ocrx_word' id='word_1_269' title='bbox 202 2195 299 2225; x_wconf 80' lang='lat' dir='ltr'><strong>CAP.</strong></span> <span class='ocrx_word' id='word_1_270' title='bbox 323 2195 436 2222; x_wconf 84' lang='lat' dir='ltr'><strong>XLII.</strong></span> <span class='ocrx_word' id='word_1_271' title='bbox 470 2195 707 2224; x_wconf 83' lang='lat' dir='ltr'>DISSENTIO</span> <span class='ocrx_word' id='word_1_272' title='bbox 727 2197 870 2225; x_wconf 86' lang='lat' dir='ltr'>INTER</span> <span class='ocrx_word' id='word_1_273' title='bbox 890 2199 1299 2230; x_wconf 88' lang='lat' dir='ltr'>ARCHIEPISCOPUM</span> <span class='ocrx_word' id='word_1_274' title='bbox 1318 2203 1493 2231; x_wconf 82' lang='lat' dir='ltr'><strong>EBORA-</strong></span> 
     </span>
     <span class='ocr_line' id='line_1_33' title="bbox 378 2253 1316 2292; baseline 0.012 -14"><span class='ocrx_word' id='word_1_275' title='bbox 378 2253 560 2280; x_wconf 88' lang='lat' dir='ltr'>CENSEM</span> <span class='ocrx_word' id='word_1_276' title='bbox 584 2254 640 2280; x_wconf 89' lang='lat' dir='ltr'>ET</span> <span class='ocrx_word' id='word_1_277' title='bbox 664 2255 924 2284; x_wconf 87' lang='lat' dir='ltr'>EPISCOPUM</span> <span class='ocrx_word' id='word_1_278' title='bbox 947 2259 1316 2292; x_wconf 86' lang='lat' dir='ltr'>DUNELMENSEM.</span> 
     </span>
    </p>
   </div>
   <div class='ocr_carea' id='block_1_5' title="bbox 540 2349 1156 2395">
    <p class='ocr_par' dir='ltr' id='par_1_5' title="bbox 540 2349 1156 2395">
     <span class='ocr_line' id='line_1_34' title="bbox 540 2349 1156 2395; baseline 0.005 -13"><span class='ocrx_word' id='word_1_279' title='bbox 540 2349 639 2389; x_wconf 89' lang='lat' dir='ltr'><strong>[MS.</strong></span> <span class='ocrx_word' id='word_1_280' title='bbox 664 2352 743 2395; x_wconf 86' lang='lat' dir='ltr'>Cap.</span> <span class='ocrx_word' id='word_1_281' title='bbox 761 2362 916 2386; x_wconf 63' lang='lat' dir='ltr'>crxxvn</span> <span class='ocrx_word' id='word_1_282' title='bbox 940 2352 998 2386; x_wconf 67' lang='lat' dir='ltr'>fol,</span> <span class='ocrx_word' id='word_1_283' title='bbox 1015 2356 1091 2386; x_wconf 83' lang='lat'>214.</span> <span class='ocrx_word' id='word_1_284' title='bbox 1106 2355 1156 2395; x_wconf 92' lang='lat' dir='ltr'>b.]</span> 
     </span>
    </p>
   </div>
   <div class='ocr_carea' id='block_1_6' title="bbox 89 2441 1616 2853">
    <p class='ocr_par' dir='ltr' id='par_1_6' title="bbox 89 2441 1616 2853">
     <span class='ocr_line' id='line_1_35' title="bbox 150 2441 1610 2505; baseline 0.006 -22"><span class='ocrx_word' id='word_1_285' title='bbox 150 2441 300 2497; x_wconf 89' lang='lat' dir='ltr'>[Circa</span> <span class='ocrx_word' id='word_1_286' title='bbox 320 2441 431 2483; x_wconf 82' lang='lat' dir='ltr'>idem</span> <span class='ocrx_word' id='word_1_287' title='bbox 454 2444 640 2500; x_wconf 87' lang='lat' dir='ltr'>tempus]</span> <span class='ocrx_word' id='word_1_288' title='bbox 666 2454 761 2487; x_wconf 91' lang='lat' dir='ltr'>orta</span> <span class='ocrx_word' id='word_1_289' title='bbox 792 2457 855 2488; x_wconf 90' lang='lat' dir='ltr'>est</span> <span class='ocrx_word' id='word_1_290' title='bbox 876 2447 1077 2489; x_wconf 89' lang='lat' dir='ltr'>dissentio</span> <span class='ocrx_word' id='word_1_291' title='bbox 1100 2448 1209 2490; x_wconf 89' lang='lat' dir='ltr'>inter</span> <span class='ocrx_word' id='word_1_292' title='bbox 1231 2449 1610 2505; x_wconf 87' lang='lat' dir='ltr'>Archiepiscopum</span> 
     </span>
     <span class='ocr_line' id='line_1_36' title="bbox 89 2500 1612 2563; baseline 0.007 -24"><span class='ocrx_word' id='word_1_293' title='bbox 89 2500 403 2544; x_wconf 86' lang='lat' dir='ltr'>Eboracensem</span> <span class='ocrx_word' id='word_1_294' title='bbox 438 2509 482 2541; x_wconf 89' lang='lat' dir='ltr'>et</span> <span class='ocrx_word' id='word_1_295' title='bbox 518 2502 779 2558; x_wconf 86' lang='lat' dir='ltr'>Episcopum</span> <span class='ocrx_word' id='word_1_296' title='bbox 816 2504 1147 2547; x_wconf 90' lang='lat' dir='ltr'>Dunelmensem</span> <span class='ocrx_word' id='word_1_297' title='bbox 1175 2522 1303 2563; x_wconf 89' lang='lat' dir='ltr'>super</span> <span class='ocrx_word' id='word_1_298' title='bbox 1318 2508 1612 2563; x_wconf 87' lang='lat' dir='ltr'>jurisdictione</span> 
     </span>
     <span class='ocr_line' id='line_1_37' title="bbox 91 2556 1611 2620; baseline 0.006 -22"><span class='ocrx_word' id='word_1_299' title='bbox 91 2558 145 2599; x_wconf 90' lang='lat' dir='ltr'>de</span> <span class='ocrx_word' id='word_1_300' title='bbox 171 2556 545 2602; x_wconf 87' lang='lat' dir='ltr'>Allertonaschire.</span> <span class='ocrx_word' id='word_1_301' title='bbox 582 2559 811 2602; x_wconf 87' lang='lat' dir='ltr'>Nitebatur</span> <span class='ocrx_word' id='word_1_302' title='bbox 833 2564 942 2603; x_wconf 90' lang='lat' dir='ltr'>enim</span> <span class='ocrx_word' id='word_1_303' title='bbox 965 2563 1322 2620; x_wconf 85' lang='lat' dir='ltr'>Archiepiscopus</span> <span class='ocrx_word' id='word_1_304' title='bbox 1340 2566 1479 2607; x_wconf 91' lang='lat' dir='ltr'>locum</span> <span class='ocrx_word' id='word_1_305' title='bbox 1494 2566 1611 2607; x_wconf 92' lang='lat' dir='ltr'>illum</span> 
     </span>
     <span class='ocr_line' id='line_1_38' title="bbox 93 2615 1613 2680; baseline 0.007 -25"><span class='ocrx_word' id='word_1_306' title='bbox 93 2615 289 2664; x_wconf 81' lang='lat' dir='ltr'>visitare3</span> <span class='ocrx_word' id='word_1_307' title='bbox 322 2617 395 2656; x_wconf 91' lang='lat' dir='ltr'>sed</span> <span class='ocrx_word' id='word_1_308' title='bbox 428 2616 581 2658; x_wconf 88' lang='lat' dir='ltr'>restitit</span> <span class='ocrx_word' id='word_1_309' title='bbox 617 2617 654 2659; x_wconf 89' lang='lat' dir='ltr'>ei</span> <span class='ocrx_word' id='word_1_310' title='bbox 690 2618 939 2675; x_wconf 86' lang='lat' dir='ltr'>Episcopus,</span> <span class='ocrx_word' id='word_1_311' title='bbox 960 2637 1044 2662; x_wconf 93' lang='lat' dir='ltr'>non</span> <span class='ocrx_word' id='word_1_312' title='bbox 1066 2622 1199 2664; x_wconf 91' lang='lat' dir='ltr'>solum</span> <span class='ocrx_word' id='word_1_313' title='bbox 1222 2624 1266 2664; x_wconf 89' lang='lat' dir='ltr'>in</span> <span class='ocrx_word' id='word_1_314' title='bbox 1288 2624 1471 2665; x_wconf 89' lang='lat' dir='ltr'>ecclesiis</span> <span class='ocrx_word' id='word_1_315' title='bbox 1485 2624 1613 2680; x_wconf 87' lang='lat' dir='ltr'>juris-</span> 
     </span>
     <span class='ocr_line' id='line_1_39' title="bbox 94 2672 1614 2724; baseline 0.007 -10"><span class='ocrx_word' id='word_1_316' title='bbox 94 2672 286 2715; x_wconf 90' lang='lat' dir='ltr'>dictionis</span> <span class='ocrx_word' id='word_1_317' title='bbox 307 2688 407 2723; x_wconf 87' lang='lat' dir='ltr'>suae‚</span> <span class='ocrx_word' id='word_1_318' title='bbox 428 2674 502 2715; x_wconf 87' lang='lat' dir='ltr'>sed</span> <span class='ocrx_word' id='word_1_319' title='bbox 517 2677 646 2716; x_wconf 88' lang='lat' dir='ltr'>etiam</span> <span class='ocrx_word' id='word_1_320' title='bbox 667 2675 709 2716; x_wconf 89' lang='lat' dir='ltr'>in</span> <span class='ocrx_word' id='word_1_321' title='bbox 723 2678 899 2720; x_wconf 89' lang='lat' dir='ltr'>ecclesia</span> <span class='ocrx_word' id='word_1_322' title='bbox 919 2679 973 2720; x_wconf 90' lang='lat' dir='ltr'>de</span> <span class='ocrx_word' id='word_1_323' title='bbox 990 2680 1211 2722; x_wconf 87' lang='lat' dir='ltr'>Allertona</span> <span class='ocrx_word' id='word_1_324' title='bbox 1227 2690 1270 2723; x_wconf 90' lang='lat' dir='ltr'>et</span> <span class='ocrx_word' id='word_1_325' title='bbox 1291 2683 1456 2724; x_wconf 84' lang='lat' dir='ltr'>caeteris</span> <span class='ocrx_word' id='word_1_326' title='bbox 1478 2683 1614 2724; x_wconf 84' lang='lat' dir='ltr'>eccle-</span> 
     </span>
     <span class='ocr_line' id='line_1_40' title="bbox 95 2730 1615 2795; baseline 0.007 -24"><span class='ocrx_word' id='word_1_327' title='bbox 95 2730 164 2771; x_wconf 87' lang='lat' dir='ltr'>siis</span> <span class='ocrx_word' id='word_1_328' title='bbox 193 2730 500 2785; x_wconf 88' lang='lat' dir='ltr'>jurisdictionis</span> <span class='ocrx_word' id='word_1_329' title='bbox 524 2733 681 2774; x_wconf 88' lang='lat' dir='ltr'>Prioris</span> <span class='ocrx_word' id='word_1_330' title='bbox 712 2743 754 2776; x_wconf 93' lang='lat' dir='ltr'>et</span> <span class='ocrx_word' id='word_1_331' title='bbox 779 2736 992 2792; x_wconf 85' lang='lat' dir='ltr'>Capituli3</span> <span class='ocrx_word' id='word_1_332' title='bbox 1025 2747 1067 2779; x_wconf 92' lang='lat' dir='ltr'>et</span> <span class='ocrx_word' id='word_1_333' title='bbox 1087 2747 1236 2781; x_wconf 88' lang='lat' dir='ltr'>contra</span> <span class='ocrx_word' id='word_1_334' title='bbox 1270 2739 1615 2795; x_wconf 87' lang='lat' dir='ltr'>compositionem</span> 
     </span>
     <span class='ocr_line' id='line_1_41' title="bbox 97 2789 1616 2853; baseline 0.007 -24"><span class='ocrx_word' id='word_1_335' title='bbox 97 2789 208 2831; x_wconf 79' lang='lat' dir='ltr'>inter</span> <span class='ocrx_word' id='word_1_336' title='bbox 225 2789 606 2846; x_wconf 89' lang='lat' dir='ltr'>Archiepiscopum</span> <span class='ocrx_word' id='word_1_337' title='bbox 628 2802 669 2834; x_wconf 91' lang='lat' dir='ltr'>et</span> <span class='ocrx_word' id='word_1_338' title='bbox 687 2792 877 2836; x_wconf 84' lang='lat' dir='ltr'>Priorem</span> <span class='ocrx_word' id='word_1_339' title='bbox 899 2804 942 2837; x_wconf 91' lang='lat' dir='ltr'>et</span> <span class='ocrx_word' id='word_1_340' title='bbox 958 2795 1203 2852; x_wconf 84' lang='lat' dir='ltr'>Capitulum</span> <span class='ocrx_word' id='word_1_341' title='bbox 1228 2798 1427 2853; x_wconf 84' lang='lat' dir='ltr'>[initam].</span> <span class='ocrx_word' id='word_1_342' title='bbox 1491 2798 1616 2840; x_wconf 88' lang='lat' dir='ltr'>Dixit</span> 
     </span>
    </p>
   </div>
  </div>
 </body>
</html>
