1807 2962
175 95 250 141 clii
445 108 578 140 HisT.
607 108 845 140 DUNELM.
875 108 1180 140 sempronsss
1206 108 1344 139 TRES.

581 406 764 437 cxxxlv.
800 407 968 434 LITERA
989 406 1308 436 BREWATORIS.

764 501 868 545 [aeg.
886 499 930 533 11.
947 499 969 533 f.
988 501 1064 532 313.
1082 500 1134 541 b.]

245 591 571 633 Venerabilibus
607 593 798 647 patlibus
835 602 877 633 et
913 592 1058 634 amicis
1094 600 1251 633 sanctae
1275 590 1511 646 Religionis
1535 591 1629 632 viris
1651 592 1705 633 ad

187 664 293 705 quos
326 650 597 704 pervenerint
630 652 724 691 haec
756 650 926 704 scripta,
954 651 1167 691 Robertus
1193 649 1315 691 Prior
1336 649 1522 690 ecelesiae
1546 650 1707 691 Cathe-

187 706 315 747 dralis
337 708 652 758 Duneimensis,
676 717 719 749 et
739 708 932 762 ejusdem
953 707 1033 748 loci
1056 716 1301 757 conventus,
1320 708 1515 757 salutem,
1539 716 1582 749 et
1603 708 1708 748 cari-

186 765 285 805 tatis
321 773 480 806 mutuae
512 764 833 807 incrementum.
896 765 1015 806 Inter
1045 773 1202 806 caetela
1231 764 1402 819 pietatis
1423 779 1554 819 opera
1573 765 1709 806 credi-

188 837 283 863 mus
316 822 607 864 indubitanter
639 822 731 864 fore
768 823 1046 877 praecipuum,
1076 832 1118 863 et
1143 822 1336 863 Creatori
1359 831 1502 863 nostro
1524 822 1710 863 maxime

187 888 369 933 gratum,
404 880 486 920 illis
521 880 658 934 optati
693 880 906 921 solaminis
942 880 1129 921 subsidia
1164 879 1371 929 conferre,
1411 879 1496 935 qui,
1530 880 1711 920 decurso

186 938 288 977 vitae
302 937 520 1002 praesentis
538 938 681 988 taedio,
698 946 820 978 extla
837 946 993 978 statum
1009 938 1149 978 meriti
1165 937 1414 992 nuncpositi
1425 951 1570 991 poenas
1586 937 1712 978 luunt

190 994 234 1034 in
266 995 513 1049 purgatorio
548 1010 626 1049 pro
658 994 891 1036 commissis
917 994 1156 1049 juventutis
1188 994 1432 1048 praeteritae,
1456 995 1594 1035 aliena
1628 993 1714 1034 suf·

189 1051 325 1105 fragia
344 1053 617 1093 devotissime
638 1052 890 1106 flagitantes.
959 1052 1102 1100 Unde,
1119 1053 1218 1107 quia
1238 1061 1382 1093 sancta
1402 1060 1468 1093 est
1483 1061 1524 1093 et
1537 1051 1713 1093 salubris

190 1109 403 1163 cogitacio
424 1124 503 1164 pro
522 1110 730 1151 defunctis
751 1124 947 1159 exora1e‚
971 1118 1019 1149 ut
1041 1125 1065 1150 a
1086 1108 1272 1164 peccatis
1294 1110 1523 1159 solvantur,
1541 1119 1587 1150 ut
1601 1109 1714 1150 canit

191 1167 382 1216 ecclesia,
403 1167 719 1208 universitatem
737 1176 918 1207 vestram
935 1167 1226 1216 reverendam,
1243 1166 1297 1207 ad
1315 1181 1494 1222 quorum
1512 1167 1714 1208 noticiam

191 1224 327 1265 literae
349 1233 578 1278 praesentes
599 1223 884 1279 pervenerint,
902 1224 958 1264 ad
979 1224 1103 1289 hujus
1118 1232 1205 1264 tam
1223 1233 1379 1265 sanctae
1395 1234 1479 1265 tam
1499 1224 1716 1265 immensae

190 1281 438 1323 devocionis
468 1281 622 1331 studia,
656 1290 786 1336 prout
819 1291 882 1322 est
918 1282 1046 1322 moris
1076 1281 1307 1337 antiquitus
1329 1282 1471 1323 usitati
1492 1281 1717 1323 salubriter

193 1347 433 1388 exorantes,
453 1338 493 1379 in
511 1339 711 1388 Domino,
736 1349 896 1379 mutuae
911 1338 1205 1380 vicissitudinis
1227 1349 1402 1394 optentu
1425 1350 1466 1381 et
1486 1339 1628 1393 gracia
1648 1354 1717 1379 ro-

194 1410 341 1449 gamus
381 1396 610 1447 humiliter,
652 1396 849 1452 quatinus
897 1396 1084 1437 animam
1129 1397 1257 1438 bonae
1297 1397 1512 1438 memoriae
1554 1395 1717 1437 domini

195 1453 379 1496 Thomae
419 1468 553 1508 nuper
597 1454 798 1510 Episcopi
834 1453 979 1503 nostri,
1017 1453 1090 1510 qui
1126 1464 1278 1495 octavo
1318 1454 1411 1495 idus
1455 1454 1563 1495 Maii
1603 1453 1717 1494 diem

195 1526 319 1551 suum
351 1512 500 1553 clausit
521 1521 775 1562 extremum,
808 1520 852 1552 et
873 1511 1033 1553 animas
1056 1512 1316 1553 confratrum
1338 1520 1592 1562 nostrorum,
1617 1526 1719 1552 con-

194 1584 424 1619 versorum,
447 1569 729 1620 familiarium,
750 1578 794 1610 et
824 1570 1144 1610 benefactorum
1180 1578 1421 1611 nostrorum
1452 1571 1644 1611 omnium
1676 1569 1718 1609 in

198 1626 371 1668 Christo
407 1627 733 1682 quiescencium,
756 1641 938 1682 quorum
971 1627 1153 1668 nomina‘
1168 1627 1278 1668 lator
1298 1627 1578 1682 praesencium
1600 1626 1719 1667 vobis

196 1685 488 1738 praesentabit,
522 1684 716 1740 precibus
753 1684 902 1726 vestris
935 1684 1061 1725 sacris
1092 1685 1393 1726 recomendare
1430 1684 1567 1725 velitis
1593 1683 1722 1725 Altis-

198 1741 334 1791 sim03
368 1751 415 1783 ut
451 1757 528 1797 per
563 1741 809 1783 oracionum
847 1751 1081 1783 vestrarum
1114 1742 1271 1783 devota
1302 1742 1501 1796 suffragia
1519 1741 1722 1797 consequi

198 1809 443 1841 mereantur
461 1809 622 1841 eternae
643 1799 917 1840 beatitudinis
937 1800 1129 1855 requiem
1150 1814 1275 1854 quam
1298 1808 1514 1854 optarunt.
1550 1800 1721 1841 Harum

201 1871 304 1897 vero
340 1857 536 1911 portitori
572 1857 758 1897 Johanni
791 1857 847 1897 de
886 1857 951 1906 Ρ.,
984 1865 1130 1897 nostro
1160 1856 1403 1906 breviatori,
1435 1871 1531 1897 cum
1559 1857 1614 1897 ad
1646 1871 1721 1897 vos

202 1914 490 1964 declinaverit,
523 1915 639 1969 quod
675 1913 949 1954 humanitatis
976 1924 1037 1954 est
1070 1913 1272 1954 exhibere
1294 1913 1431 1954 velitis
1452 1913 1638 1955 caritatis
1661 1913 1723 1953 in-

202 1971 328 2020 tuitu,
361 1982 408 2012 ut
430 1973 576 2011 vestris
599 1971 640 2011 in
660 1980 816 2011 eventu
837 1970 1043 2011 consimili
1065 1978 1285 2012 teneamur
1305 1971 1440 2011 arcius
1462 1980 1584 2025 grata
1603 1970 1725 2012 vicis--

198 2028 384 2070 situdine
426 2029 697 2083 respondere.
772 2028 823 2069 In
863 2029 981 2082 cujus
1020 2028 1083 2068 rei
1122 2027 1407 2069 testimonium
1446 2029 1724 2082 praesentibus

201 2103 277 2143 per
298 2087 523 2129 triennium
543 2086 838 2127 tantummodo
859 2085 1069 2126 duraturis
1088 2085 1272 2139 sigillum
1295 2100 1519 2126 commune
1538 2086 1725 2141 Capituli

202 2147 333 2187 nostri
366 2144 566 2186 duximus
598 2143 912 2197 apponendum.
977 2143 1093 2183 Data
1121 2143 1163 2183 in
1198 2143 1398 2198 Capitulo
1428 2152 1575 2184 nostro
1609 2154 1725 2185 octa·

201 2219 256 2244 vo
288 2203 380 2244 idus
417 2201 628 2253 Octobris,
664 2215 776 2244 anno
816 2201 997 2244 Domini
1032 2200 1254 2243 millesimo
1297 2208 1428 2242 000Ῐηο
1467 2201 1725 2258 octagesimo

199 2276 351 2319 primo,
