1807 2962
181 97 313 151 *cxlvi
498 111 632 142 HlsT.
660 109 898 142 DUNELM.
926 108 1237 141 SCRIPTORES
1261 109 1401 140 TREs.

192 228 378 260 vestrum
400 225 444 259 et
464 217 731 258 honestatem
754 216 967 270 religionis
990 223 1140 255 vestrae
1164 214 1413 255 venerabilis
1436 217 1599 258 diucius
1621 233 1721 260 con-

194 291 359 317 servare.
383 276 582 329 dignetur
609 275 649 314 in
674 274 882 329 prosperis
904 272 1132 314 benedicta
1153 272 1342 313 Trinitas
1364 272 1566 316 increata.

194 334 409 389 Scriptum
432 333 632 382 Londini‚
657 340 732 371 xv'’
754 331 822 372 die
845 330 995 371 mensis
1023 330 1286 371 Decembris.

307 425 608 476 δῖιρενεοντζηίἑο
628 424 755 462 lileroe
771 423 976 473 predictoe.
1040 419 1220 461 Diiectis
1246 419 1341 460 filiis
1366 421 1504 463 Priori
1527 431 1569 464 et
1593 423 1720 478 Capi-

368 481 458 521 tulo
485 479 686 520 Ecclesiae
704 488 860 519 nostrae
879 477 1145 518 cathedralis
1166 478 1490 530 Dunolmensis,
1509 495 1565 521 ac*
1579 481 1721 538 singu-

366 539 417 579 lis
440 536 753 579 commonachis
776 545 820 577 et
841 535 1122 577 confratribus
1145 535 1380 589 ejusdenn*

310 817 464 846 CXXIX.
500 811 747 843 CONCFJSS‘IO
781 811 1052 840 PENSIONUM
1086 809 1144 837 DE
1178 808 1499 839 SYMONDBURN
1543 813 1601 839 DE

307 874 496 902 BENTON
529 874 586 899 DE
620 871 907 899 OVYNGEHAM
941 870 988 897 IN
1023 869 1320 895 AUGMENTUM
1352 869 1603 896 SUSTENTA-

309 932 462 959 CIONIS
486 929 727 958 CANTARIAE
749 929 791 958 T.
816 927 1039 956 EPISCOPI.
1104 926 1201 953 ISTA
1223 926 1535 956 DUPLICATUR.

520 1006 634 1048 [Cart.
653 1006 727 1038 III.
742 1004 767 1037 f.
783 1007 859 1037 282.
876 1009 913 1037 et,
930 1005 1024 1047 Orig.
1043 1007 1076 1035 2.
1092 1005 1122 1034 3.
1141 1002 1267 1035 Pontif-
1284 1003 1326 1035 Ο.
1347 1004 1394 1047 1.]

251 1086 442 1127 Thomas
471 1084 747 1140 permissione
783 1082 929 1123 divina
958 1080 1264 1124 Dunolmensis
1302 1081 1522 1136 episcopus
1554 1082 1717 1125 dilectis

189 1144 287 1185 filiis
312 1144 450 1185 Priori
482 1152 526 1183 et
565 1142 765 1196 Capitulo
797 1139 986 1182 ecclesiae
1018 1147 1175 1179 nostrae
1197 1139 1498 1180 Dunoimensis
1521 1141 1714 1192 salutem,

187 1201 386 1256 graciam,
420 1210 464 1242 et
494 1199 852 1241 benediccionem.
918 1197 987 1237 Ad
1019 1197 1420 1250 augmentacionem
1444 1207 1487 1238 et
1509 1206 1719 1240 sustenta-

188 1260 361 1301 cionem·
392 1258 783 1299 eanzairiaenostrae
824 1255 879 1296 ad
916 1255 1046 1296 altare
1087 1262 1277 1294 nostrum
1309 1254 1351 1293 in
1385 1254 1505 1296 dicta
1540 1256 1719 1298 ecclesia

185 1326 332 1358 nostra
353 1314 649 1363 Dunolmensi,
672 1312 895 1368 pensiones
926 1325 1085 1352 annuas
1106 1311 1387 1367 quadraginta
1409 1313 1641 1354 solidorum
1663 1315 1718 1356 de

187 1374 364 1417 eeclesia
395 1374 449 1414 de
489 1372 804 1428 Symondburn,
835 1385 884 1411 ac
918 1368 1069 1425 viginti
1101 1369 1335 1409 solidorum
1368 1370 1420 1410 de
1453 1371 1631 1412 ecclesia
1663 1373 1718 1414 de

188 1434 376 1482 Benton‚
411 1440 454 1473 et
486 1429 635 1485 viginti
666 1428 897 1469 solidorum
918 1427 971 1468 de
993 1426 1173 1467 ecclesia
1193 1426 1247 1466 de
1275 1426 1569 1482 Ovyngeham,
1593 1430 1717 1471 nobis

188 1491 367 1539 debitas,
405 1488 524 1530 vobis
560 1485 846 1534 concedimus,
882 1485 937 1526 ad
969 1483 1196 1524 terminum
1223 1485 1440 1537 octoginta
1460 1500 1668 1527 annorum
1692 1503 1718 1528 a

188 1549 289 1589 data
310 1546 590 1601 praesencium
612 1543 919 1599 percipiendas.
981 1541 1115 1581 Vobis
1137 1541 1310 1595 insuper
1331 1541 1483 1592 Priori,
1507 1543 1578 1598 qui
1605 1559 1717 1585 nunc

187 1621 245 1656 eS,
285 1615 327 1646 et
348 1604 420 1660 qui
453 1619 530 1659 pro
564 1613 757 1656 tempore
786 1600 879 1649 erit,
918 1598 973 1640 ad
1003 1598 1206 1639 levandas
1238 1599 1461 1652 pensiones
1492 1601 1717 1654 praedictas

187 1663 329 1705 statim
352 1670 449 1717 post
485 1661 672 1717 singulos
708 1657 913 1699 terminos
936 1657 1182 1704 eorundem,
1206 1655 1358 1711 quibus
1379 1672 1404 1697 a
1426 1670 1539 1698 retro
1561 1659 1718 1701 fuerint

187 1737 274 1762 non
305 1721 469 1769 solutae,
493 1733 568 1773 per
594 1715 978 1773 sequestracionem
1000 1714 1215 1755 fructuum
1244 1714 1515 1755 ecclesiarum
1539 1717 1722 1770 praedic-

188 1789 342 1827 tarum,
386 1792 434 1818 ac
475 1791 551 1831 per
591 1773 890 1829 suspensioniS‚
934 1770 1403 1821 excommunicacionis,
1429 1783 1472 1812 et
1499 1773 1718 1815 interdicti

188 1835 435 1883 sententias,
460 1834 773 1880 auctoritatem,
798 1838 1055 1884 potestatem
1072 1838 1114 1869 et
1145 1828 1254 1868 vices
1277 1839 1439 1870 nostras
1461 1845 1555 1870 cum
1579 1834 1718 1887 cujus-

187 1894 293 1935 libet
329 1890 592 1933 cohercionis
621 1888 836 1930 canonicae
868 1895 1079 1941 potestate
1116 1885 1387 1926 concedimus
1424 1897 1468 1927 et
1489 1889 1721 1929 committi-

188 1967 297 2000 mus,
333 1947 612 2004 praesencium
650 1956 810 1986 tenore.
872 1944 990 1984 Data
1026 1943 1066 1982 in
1101 1942 1289 1982 manerio
1324 1952 1470 1984 nostro
1493 1945 1546 1985 de
1571 1946 1717 1987 Auke-

187 2009 330 2057 lande,
353 2007 534 2061 septimo
556 2004 625 2043 die
654 2001 808 2043 mensis
840 2000 1114 2054 SeptembriS‚
1152 2014 1262 2039 anno
1297 2000 1473 2041 Domini
1494 2002 1716 2045 millesimo

192 2073 322 2107 cccm0
363 2061 684 2118 septuagesimo*
705 2068 871 2108 octavo,
901 2066 943 2099 et
966 2058 1303 2099 consecracionis
1326 2068 1481 2099 nostrae
1503 2059 1716 2102 tricesimo

191 2131 359 2180 quarto,

236 2243 254 2259 ¹·
281 2239 364 2273 This
377 2240 483 2271 letter
492 2239 521 2270 is
538 2234 687 2269 inserted
701 2244 791 2277 upon
807 2245 826 2267 a
842 2244 935 2278 page,
952 2233 1011 2266 the
1027 2232 1226 2267 documents
1243 2232 1281 2265 of
1292 2232 1400 2266 which
1416 2233 1496 2266 bear
1513 2233 1570 2267 the
1587 2233 1666 2267 date
1682 2233 1722 2267 of

194 2289 291 2324 1379.
340 2287 376 2318 It
393 2285 421 2317 is
437 2285 469 2316 iu
489 2295 508 2316 a
524 2283 611 2315 later.
627 2280 728 2313 hand.
