1807 2962
180 100 337 147 clxviii
497 114 628 147 msT.
651 115 884 160 DUNELM.
914 113 1216 148 scizIPToREs
1242 114 1379 149 TREs.

182 222 226 264 in
248 222 362 265 dicta
377 222 521 264 Domo
540 223 775 278 Capitulari
792 223 891 265 dicti
907 222 1060 264 mensis
1083 223 1344 280 Septembris
1362 224 1431 266 die
1452 237 1539 265 xm
1563 238 1711 290 supra—

184 280 315 331 dicto,
340 281 391 322 ad
416 280 659 338 eligendum
694 281 886 323 Priorem
908 282 1102 330 limitata,
1129 292 1172 324 ut
1196 282 1433 339 praefeitun
1458 281 1543 323 ad
1534 283 1713 322 invicem

185 316 498 395 capitulariter
497 348 771 394 congregata,
797 339 885 380 vice
907 354 983 380 sua
1017 348 1058 379 et
1093 339 1231 383 dict01
1237 356 1303 382 um
1327 339 1716 396 compromissario-

184 412 280 437 rum
316 412 503 447 suorum,
539 412 587 438 ac
628 398 764 438 tocius
804 396 1003 451 Capituli,
1047 399 1324 454 omniumque
1361 406 1403 439 et
1449 397 1714 452 singulorum

187 455 453 510 supradictol
457 470 540 504 um,
565 455 656 510 ipso
688 455 863 496 domino
885 455 1080 497 Johanne
1112 457 1166 498 de
1192 455 1587 512 Hemmyngburgh
1609 455 1717 495 dun-

189 522 308 554 taxat
323 522 519 568 excepto,
539 513 582 553 in
604 512 769 568 scriptis
783 512 923 568 palam
940 521 983 554 et
998 514 1164 568 publice
1180 514 1310 568 elegit
1326 530 1336 564 3
1360 523 1403 555 et
1421 514 1558 555 eidem
1583 512 1718 553 eccle-

189 573 263 611 siae
298 571 483 625 providit
516 571 570 612 de
603 571 774 612 eodem.
855 571 1057 627 Ipsasque
1088 572 1346 614 eleccionem
1370 581 1412 612 et
1433 570 1718 627 provisionem

192 629 251 671 sic
272 628 327 669 de
349 643 401 670 eo
423 629 557 679 factis,
578 639 675 671 ante
696 629 845 670 horam
863 629 1086 684 septimam
1108 645 1234 686 super
1257 631 1295 671 le
1317 630 1436 671 knoll
1458 639 1553 684 post
1569 629 1718 669 horam

192 701 348 728 nonam
372 686 474 728 dicti
497 687 582 728 diei
605 701 706 737 xm,
730 688 772 726 in
800 686 990 728 Ecclesia
1007 697 1051 729 et
1076 688 1279 744 Capitulo
1301 687 1552 754 supradictis
1576 700 1720 728 coram
1757 710 1762 714 ·

193 745 307 786 clero
325 754 367 787 et
387 745 578 801 populo
569 760 610 786 in
634 744 904 785 multitudine
926 745 1101 801 copioso
1123 747 1392 801 congregatis
1413 743 1646 801 publicavit
1677 744 1721 783 in

195 802 374 859 vulgari.
440 805 551 844 Acta
591 811 688 844 sunt
729 802 821 843 haec
863 803 941 844 sub
983 818 1111 855 anno,
1155 804 1408 854 indiccione,
1452 802 1721 858 pontificatu,

196 876 353 911 mense,
379 861 462 911 die,
488 869 531 901 et
562 861 658 902 loco
690 860 968 915 supradictis;
1000 863 1280 916 praesentibus
1303 861 1494 902 discretis
1518 860 1615 900 viris
1637 874 1724 900 ma-

196 920 338 974 gistris
380 919 577 960 Johanne
618 918 671 960 de
715 918 961 969 Suthewell,
1005 921 1135 961 curiae
1177 919 1455 961 Eboracensis
1497 918 1722 966 advocato,

202 976 395 1018 Roberto
419 977 653 1026 Asshborn,
671 976 948 1032 jurisperitis;
971 991 1019 1017 ac
1046 977 1269 1019 Willelmo
1292 978 1345 1018 de
1371 978 1531 1019 Barton
1555 975 1722 1023 clerico,

201 1034 368 1076 notario
409 1035 596 1090 publico,
636 1033 930 1084 Eboracensis,
970 1034 1318 1085 Lichefeldensis,
1350 1044 1392 1076 et
1426 1034 1724 1075 Dunelmensis

198 1092 449 1141 dioceseon3
482 1092 659 1133 testibus
681 1092 734 1132 ad
756 1092 971 1146 praemissa
994 1095 1152 1134 vocatis
1173 1093 1410 1149 specialiter
1431 1102 1475 1133 et
1495 1091 1666 1146 rogatis.

318 1340 471 1370 CXLIX.
527 1338 843 1367 CONFIRMACIO
882 1338 1156 1366 ELECCIONIS
1208 1336 1441 1366 JOHANNIS
1493 1335 1614 1362 HEM-

317 1398 615 1425 MYNGBURGH
660 1398 800 1424 FACTA
853 1397 942 1424 PER
1008 1395 1341 1424 COMMISSARIOS
1404 1394 1611 1421 WALTERI

316 1456 539 1483 EPISCOPI.

784 1532 890 1576 [neg.
908 1533 961 1564 11.
977 1532 1141 1574 f01.301.]

265 1612 315 1652 In
350 1611 520 1651 nomine
558 1609 749 1658 Domini,
786 1609 941 1651 Amen.
1009 1608 1090 1649 Per
1125 1621 1309 1662 praesens
1337 1606 1554 1661 publicum
1578 1605 1737 1647 Instru-

205 1681 394 1711 mentum
418 1676 583 1709 constet
606 1667 799 1709 omnibus
821 1665 1055 1716 manifeste,
1080 1664 1210 1721 quod,
1235 1679 1345 1706 anno
1367 1666 1420 1706 ab
1442 1664 1738 1705 incarnacione

206 1727 398 1776 Domini,
435 1725 668 1767 secundum
703 1739 871 1766 cursum
894 1733 937 1765 et
959 1724 1325 1779 computacionem
1352 1722 1555 1763 Ecclesiae
1591 1722 1739 1776 Angli-

205 1800 339 1835 canae,
379 1783 601 1824 millesimo
644 1797 726 1824 ccc
779 1781 1056 1836 nonagesimo
1106 1780 1256 1835 plimo‚
1310 1780 1547 1821 indiccione
1589 1779 1738 1844 quinta

207 1842 385 1891 decima,
407 1841 680 1896 pontificatus
704 1839 954 1881 sanctissimi
970 1839 1010 1879 in
1027 1838 1197 1880 Christo
1212 1837 1340 1892 patlis
1362 1846 1405 1878 et
1427 1838 1587 1878 domini
1605 1836 1738 1878 nostri

209 1899 367 1941 domini
393 1898 602 1940 Bonifaeii
637 1897 779 1939 divina
810 1895 1082 1951 providencia
1106 1896 1236 1950 Papae
1265 1895 1368 1935 noni
1404 1910 1515 1936 anno
1536 1894 1736 1943 secundo,

209 1958 368 1998 mensis
393 1955 650 2009 Septembris
682 1955 750 1995 die
767 1968 890 2002 xxvl,
907 1955 950 1994 in
972 1952 1149 1994 ecclesia
1172 1953 1416 1994 Cathedrali
1441 1953 1737 2002 Dunelmensi,

210 2015 254 2056 in
295 2013 377 2055 mei
421 2013 589 2055 Notarii
630 2011 789 2067 publici
829 2020 871 2052 et
908 2011 1078 2052 testium
1118 2010 1448 2065 subscriptorum
1489 2011 1738 2066 praesencia,

214 2087 357 2114 coram
380 2070 621 2112 reverendis
643 2078 683 2111 et
707 2069 896 2110 discretis
918 2068 1015 2109 viris
1037 2068 1245 2122 magistris
1260 2069 1430 2110 Thoma
1451 2069 1504 2110 de
1532 2069 1739 2110 Gretham

213 2129 380 2172 officiali
406 2127 697 2177 Dunelmensi,
736 2127 905 2168 Thoma
927 2127 981 2168 de
1006 2127 1192 2168 Weston
1224 2126 1425 2181 magistro
1447 2126 1663 2181 hospitalis
1686 2126 1740 2168 de

220 2187 443 2237 Gretham,
485 2186 626 2228 Alano
659 2185 712 2226 de
750 2184 933 2226 Newerk
966 2192 1009 2225 et
1031 2184 1225 2225 Johanne
1263 2184 1316 2226 de
1340 2184 1490 2239 Cokyn
1514 2184 1555 2224 in
1577 2184 1740 2239 legibus

215 2245 453 2295 baculariis,
477 2260 526 2286 ac
547 2242 729 2285 Johanni
756 2242 950 2297 Hillyard
977 2242 1179 2298 magistro
1200 2241 1420 2297 hospitalis
1443 2242 1496 2283 de
1517 2242 1738 2293 Alverton,

216 2303 393 2353 clericis,
428 2317 508 2358 pro
543 2300 743 2342 tribunali
777 2277 1072 2350 sedentibus,0
1073 2315 1146 2354 per
1179 2300 1463 2341 venerabilem
1497 2300 1539 2340 in
1567 2301 1740 2342 Christo

217 2371 381 2418 patrem
403 2369 446 2401 et
469 2359 688 2401 dominum
710 2358 929 2399 dominum
956 2357 1186 2399 Walterum
1210 2356 1295 2399 Dei
1316 2358 1458 2412 gracia
1481 2358 1741 2413 Episcopum

218 2419 554 2461 Dunelmensem
591 2417 646 2457 ad
685 2415 951 2480 infrasciipta
991 2415 1230 2470 specialiter
1270 2415 1487 2472 delegatiS‚
1525 2429 1654 2471 prout
1685 2431 1739 2458 ex

217 2476 349 2518 literis
390 2475 492 2517 dicti
534 2474 754 2516 reverendi
786 2474 930 2529 patiis,
962 2473 1100 2528 sigillo
1132 2473 1320 2528 ejusdem
1351 2473 1476 2514 michi
1510 2474 1609 2514 satis
1637 2485 1742 2516 noto

222 2535 419 2589 signatas,
443 2533 599 2574 ibidem
622 2531 799 2573 ostensis
831 2541 872 2573 et
901 2531 1097 2585 perlectis
1120 2532 1284 2586 aperuit
1304 2531 1540 2581 manifeste,
1564 2547 1743 2587 quarum

221 2593 436 2633 literarum
460 2600 584 2632 tenor
605 2589 699 2630 talis
721 2598 798 2630 est.
869 2589 1027 2630 Walter
1031 2604 1077 2629 us
1104 2588 1380 2653 permissione
1402 2588 1547 2630 divina
1579 2589 1743 2631 Dunel-

221 2649 377 2691 mensis
419 2649 654 2703 Episcopus
686 2647 850 2688 dilectis
885 2646 983 2688 filiis
1016 2646 1225 2701 magistris
1249 2646 1430 2687 Thomae
1453 2647 1506 2687 de
1534 2647 1743 2689 Gietham

222 2706 403 2755 officiali,
442 2716 485 2746 et
521 2705 702 2746 Thomae
739 2705 793 2746 de
830 2705 1003 2745 Weston
1035 2704 1283 2745 cancellario
1315 2703 1482 2754 nostris,
1520 2705 1658 2746 Alano
1690 2707 1744 2747 de

224 2764 408 2804 Newerk
433 2764 475 2805 in
497 2762 658 2819 legibus
680 2761 945 2813 baccallario,
975 2777 1023 2804 ac
1054 2761 1237 2804 Johanni
1273 2761 1472 2817 Hillyard
1495 2770 1538 2803 et
1559 2762 1744 2806 Johanni
