1807 2962
471 121 749 153 APPENDIX.
777 121 897 153 ANN.
927 119 1205 152 mccchlv.
1409 110 1603 157 cccxxix

81 227 287 285 praedicta
304 228 448 269 onmia
468 236 507 269 et
530 228 695 282 singula
707 242 847 269 coram
863 228 922 269 eis
940 235 1080 281 coepta
1096 227 1287 278 fuissent,
1307 234 1350 269 et
1365 229 1609 283 jurisdiccio

82 302 229 328 eorum
252 295 295 327 et
317 287 541 341 cujuslibet
559 286 745 341 ipsorum
766 286 809 326 in
830 285 1042 341 praedictis
1064 286 1259 326 omnibus
1282 295 1323 327 et
1346 286 1518 341 singulis
1535 304 1611 343 per

82 343 333 386 citacionem
377 344 443 385 vel
484 344 658 385 modum
698 344 827 385 alium
858 352 1110 399 perpetuata
1130 343 1365 397 legitimum
1388 345 1610 388 extitisset.

83 402 184 443 Non
206 402 470 443 obstantibus
492 401 687 443 omnibus
719 411 763 443 et
793 402 966 456 singulis
1008 401 1050 442 in
1081 401 1233 442 litteris
1274 410 1316 442 et
1347 410 1612 459 transumpto

80 460 268 514 praefatis
301 459 520 510 contentis,
544 475 708 501 necnon
732 459 927 501 omnibus
949 459 1028 501 illis
1050 473 1145 515 quae
1168 458 1304 500 dictus
1325 460 1616 513 praedecessor

82 517 125 558 in
155 517 239 558 suis
271 517 422 558 litteris
453 517 638 571 praefatis
660 532 743 558 non
766 518 936 559 obstare
959 517 1105 566 voluit,
1139 517 1375 572 ceterisque
1396 518 1615 559 contrariis

85 575 451 632 quibuscumque3
484 583 558 616 aut
589 575 623 616 si
654 575 863 631 aliquibus
896 575 1177 617 communiter
1198 574 1265 615 vel
1286 574 1449 615 divisim
1472 592 1496 617 a
1517 577 1617 618 sede

82 633 316 688 apostolica
336 633 549 674 indultum
571 632 739 683 existat,
763 634 879 689 quod
901 632 1112 682 interdici,
1131 631 1345 685 suspendi,
1363 633 1428 674 vel
1446 649 1615 676 excom-

85 691 291 733 municari
332 706 418 731 non
461 690 622 745 possint
662 705 739 746 per
789 691 952 732 litteras
994 690 1246 745 apostolicas
1287 705 1373 731 non
1411 691 1616 734 facientes

82 749 253 804 plenam
275 756 318 790 et
340 763 581 803 expressam
617 763 665 789 ac
687 748 741 790 de
765 749 893 790 verbo
915 748 969 790 ad
1001 748 1179 790 verbum
1201 748 1254 789 de
1274 745 1438 790 indulto
1474 750 1620 806 hujus-

83 807 202 848 modi
236 806 515 848 mentionem.
577 806 697 847 Nulli
719 821 821 861 ergo
843 806 1014 848 omnino
1040 805 1228 847 omnium
1251 806 1470 848 hominum
1492 808 1617 850 liceat

83 864 194 906 hanc
216 864 414 919 paginam
436 872 680 905 nostrorum
703 864 1049 915 confirmationis,
1074 864 1403 919 approbationiS,
1427 880 1617 907 commu-

84 922 269 973 nitioniS,
306 922 598 978 suppletionis,
633 923 925 973 revocationis,
957 922 1215 974 irritationis,
1248 924 1510 973 cassationis,
1544 938 1618 965 an-

84 981 340 1031 nullatimiis,
374 980 650 1031 reductionis,
689 981 891 1031 mandati,
929 980 1173 1032 voluntatis,
1213 989 1256 1022 et
1289 980 1614 1032 constitutionis,

84 1038 327 1095 infringere,
357 1038 425 1080 vel
446 1038 484 1080 ei
505 1054 609 1080 ausu
633 1039 859 1081 temerario
881 1038 1127 1081 contrarire.
1192 1039 1236 1081 Si
1259 1039 1349 1095 quis
1372 1048 1513 1080 autem
1535 1039 1616 1080 hoc

84 1104 338 1152 attemptare
360 1098 686 1152 praesumpserit,
721 1096 1060 1152 indignacionem
1094 1096 1397 1152 omnipotentis
1431 1097 1530 1147 Dei,
1569 1112 1619 1139 ac

84 1155 307 1196 beatorum
335 1154 450 1196 Petri
471 1164 515 1196 et
540 1155 661 1196 Pauli
682 1156 973 1210 apostolorum
991 1156 1077 1211 ejus
1099 1171 1141 1197 se
1158 1155 1322 1198 noverit
1339 1155 1615 1199 incursurum.

87 1213 203 1254 Data
226 1213 378 1254 Romae
400 1213 513 1268 apud
538 1214 742 1256 Sanctum
770 1214 957 1264 Petrum,
991 1229 1102 1255 anno
1134 1213 1443 1255 Incarnationis
1468 1213 1619 1254 Domi-

85 1273 192 1311 nicae
215 1271 436 1313 millesimo
463 1272 879 1327 quadringentesimo
912 1271 1261 1328 quinquagesimo
1292 1271 1438 1323 tercio,
1472 1270 1618 1313 kalen-

87 1329 161 1371 das
185 1329 420 1380 Februarii,
440 1330 713 1385 pontificatus
734 1332 867 1372 nostri
889 1345 999 1372 anno
1021 1338 1188 1387 quarto.

206 1607 404 1635 CCXLVII.
437 1606 591 1634 BULLA
615 1606 790 1634 CALISTI
808 1606 933 1634 PAPAE
950 1606 1110 1634 TERCH
1126 1607 1498 1640 DISPENSATORIA.

654 1699 765 1740 [cart.
784 1700 859 1732 111.
876 1699 931 1732 fol.
950 1700 1044 1740 201.]

149 1795 332 1838 Calistus
355 1793 606 1848 Episcopus,
640 1807 782 1833 servus
805 1807 1023 1833 servorum
1046 1792 1145 1844 Dei,
1179 1793 1343 1836 dilectis
1364 1795 1458 1836 filiis
1483 1796 1621 1840 Priori

89 1862 129 1895 et
168 1853 417 1895 Conventui
453 1850 706 1892 Monasterii
746 1859 905 1891 sanctae
943 1850 1097 1891 Mariae
1130 1862 1175 1893 et
1214 1853 1346 1894 sancti
1389 1854 1620 1898 Cuthberti

90 1910 405 1960 DunelmensiS,
430 1925 507 1965 per
533 1909 724 1949 Priorem
747 1908 857 1949 soliti
878 1909 1119 1962 gubernari,
1143 1910 1302 1951 ordinis
1323 1912 1458 1954 sancti
1482 1914 1623 1956 Bene-

88 1970 204 2021 dicti,
227 1970 405 2011 salutem
430 1978 473 2009 et
493 1966 768 2023 apostolicam
784 1966 1148 2008 benediccionem.
1212 1968 1393 2011 Racioni
1409 1973 1623 2029 congruit,

89 2038 133 2070 et
154 2028 353 2069 convenit
375 2025 600 2076 honestati,
621 2034 668 2066 ut
690 2040 753 2075 ea,
777 2040 873 2081 quae
910 2025 964 2066 de
1005 2025 1187 2067 Romani
1225 2027 1444 2070 Pontificis
1483 2033 1622 2085 gratia

88 2094 397 2142 processerunt,
432 2085 529 2126 licet
550 2086 639 2140 ejus
667 2082 991 2138 superveniente
1014 2083 1132 2125 obitu
1155 2085 1334 2128 Litterae
1360 2088 1622 2142 Apostolicae

89 2159 215 2199 super
237 2144 314 2184 illis
337 2142 544 2184 confectae
579 2157 666 2183 non
698 2142 869 2190 fuerint,
909 2156 1031 2182 suum
1067 2153 1381 2199 consequantur
1405 2146 1621 2189 effectum.

91 2203 269 2244 Dudum
289 2201 495 2257 siquidem
514 2200 645 2241 felicis
658 2198 968 2241 recordacionis
986 2199 1166 2241 Nicolao
1184 2201 1313 2256 Papae
1331 2218 1368 2252 v,
1387 2205 1627 2258 praedeces-

90 2262 173 2302 sori
194 2269 350 2308 nostro,
374 2273 452 2313 pro
473 2266 593 2313 parte
609 2267 746 2299 vestra
767 2257 976 2312 exposito,
996 2257 1110 2313 quod
1131 2258 1173 2298 in
1196 2259 1465 2302 Monasterio
1487 2274 1629 2304 vestro

90 2327 247 2360 sanctae
273 2317 428 2358 Mariae
450 2326 492 2357 et
527 2315 659 2356 sancti
697 2315 926 2357 Cuthberti
960 2315 1275 2367 Dunehnensis,
1304 2318 1463 2360 ordinis
1485 2321 1621 2362 sancti

93 2374 333 2424 Benedicti,
367 2389 392 2415 a
412 2373 594 2415 nonullis
616 2374 876 2428 temporibus
899 2374 1018 2422 citra,
1041 2374 1236 2429 quaedam
1269 2374 1499 2418 inoleverat
1521 2393 1623 2419 con-

91 2435 285 2484 suetudo,
322 2448 393 2473 seu
430 2432 565 2474 verius
600 2431 839 2486 usurpacio,
863 2432 979 2487 quod
1002 2445 1027 2471 a
1047 2431 1117 2472 die
1149 2432 1363 2475 dominico
1387 2434 1623 2491 Septuage-ยน

91 2495 207 2534 simae
229 2505 364 2547 usque
396 2491 448 2531 ad
483 2489 597 2531 diem
618 2489 877 2530 dominicum
901 2489 1273 2546 Quinquagesimae
1295 2490 1498 2534 inclusive
1522 2494 1623 2536 Mo-

91 2551 214 2592 nachi
236 2548 430 2605 praedicti
455 2547 719 2597 Monasterii,
753 2557 796 2589 et
816 2546 992 2588 aliorum
1010 2548 1064 2588 ab
1086 2562 1137 2588 eo
1158 2547 1491 2603 dependentium
1512 2551 1629 2594 loco-

92 2624 200 2659 rum,
238 2616 355 2650 certa
391 2607 645 2648 cibariorum
682 2620 852 2660 genera,
890 2605 1015 2656 frixa,
1049 2605 1262 2656 videlicet,
1300 2616 1343 2649 et
1363 2607 1624 2662 farciaturas,

93 2682 202 2724 quae,
228 2676 272 2708 ut
293 2665 519 2721 plurimum
541 2665 594 2706 de
629 2663 822 2706 carnibus
859 2663 950 2704 fieri
983 2673 1307 2715 consueverunt,
1331 2665 1530 2708 humanae
1552 2683 1628 2711 na-

94 2734 216 2775 turae,
259 2723 493 2781 praesertim
534 2723 614 2764 illis
656 2721 728 2778 qui
768 2721 912 2763 missas
953 2722 1168 2763 celebrare
1209 2737 1258 2763 ac
1294 2723 1363 2765 die
1405 2735 1622 2783 noctuque

95 2782 243 2824 divinis
267 2781 410 2825 officiis
439 2781 630 2824 insistere
670 2780 842 2832 habent,
881 2780 1108 2836 plurimum
1131 2781 1342 2824 contraria
1380 2792 1421 2824 et
1459 2785 1625 2839 nociva,
