1807 2962
217 71 432 120 ccclxviii
568 82 701 118 ffls‘r.
730 79 962 116 DUNELM.
992 77 1295 115 s‘cm'PTonzsss
1319 79 1447 115 THE&

330 401 583 433 CCLxxxlll.
634 397 841 430 Pl'z'ov1810
884 401 940 428 ET
981 399 1251 428 PRAEFECTIO
1304 398 1524 427 MAGISTRI
1556 395 1636 428 JO'-v

334 462 508 490 HANNIS
541 460 792 488 SCHERWOD
836 452 1171 488 AchlmAcoffi
1206 449 1549 486 RICHEMUNmAE
1584 456 1633 484 IN

470 516 731 548 EPISCOPUM
764 512 1117 546 DUNELMENSEM
1152 516 1276 544 ANNO
1311 513 1497 543 CHRISTI

810 574 1146 605 MCCCCLXXXIV.

763 669 875 713 {Cam
905 670 984 704 HI.-
1012 669 1041 703 fr
1059 671 1130 703 203
1149 670 1199 714 b.]

279 769 426 812 sixtus
448 767 700 823 Episcopus,
725 781 871 808 servus
893 778 1108 808 servorum
1134 766 1233 816 Dei,
1257 765 1414 808 dil-ecto
1436 766 1526 808 filio
1550 766 1757 822 magistro*

218 827 402 870 Johanni
428 827 639 877 Shirwod,
664 824 983 868 Archidiacono
1019 823 1342 868 Riehemondiae
1372 825 1414 866 in
1437 825 1615 867 ecclesia
1638 828 1759 869 Eho-

216 886 392 936 racensi,
424 884 591 926 notario
622 894 784 934 nostro,
816 883 997 924 salutem
1019 891 1063 923 et
1085 881 1360 937 apostolicam
1392 884 1758 927 benediccionenh

219 944 484 999 Apostolicae
515 942 630 984 sedis
658 951 864 983 consueta
885 939 1130 987 clemencia,
1161 955 1215 982 ne
1237 940 1539 996 disposiciones
1561 957 1651 997 pei
1658 958 1753 984 eam

217 1003 273 1044 de
297 1000 626 1044 Cathedralibus
645 998 847 1041 Ecclesiis
869 1013 947 1054 pro
969 1007 1160 1053 tempore
1180 998 1306 1041 factae
1327 999 1497 1041 valeant
1518 1002 1754 1066 quomodo

216 1060 352 1102 libet
342 1060 578 1115 inpugnari,
602 1058 678 1100 sed
699 1072 894 1113 personae
915 1056 970 1098 ad
991 1071 1062 1098 eas
1083 1065 1308 1112 promotae,
1327 1072 1431 1113 quas
1452 1058 1567 1099 omni
1587 1060 1756 1102 macula

217 1133 364 1160 carere
386 1118 525 1167 decet,
550 1116 630 1158 illis
661 1130 770 1171 puro
801 1115 929 1157 corde
961 1123 1004 1156 et
1035 1114 1204 1157 sincera
1235 1116 1503 1158 consciencia
1523 1117 1754 1172 praesidere

215 1174 613 1226 valeant,remedia,
628 1183 756 1230 piout
769 1183 983 1220 convenit,
996 1173 1172 1215 adhibet
1189 1182 1417 1230 oportuna.
1444 1175 1570 1226 Cum,
1595 1176 1756 1233 itaque,-

214 1234 365 1300 hod-uie,
392 1233 582 1275 ecclesiae
614 1232 900 1275 Dunelmensi
931 1232 987 1274 ad
1023 1247 1207 1287 praesens
1239 1240 1359 1274 certo
1403 1233 1533 1275 modo
1572 1237 1759 1289 past01is

217 1293 425 1348 regimine
443 1291 677 1343 destitutae,
702 1291 756 1333 de
777 1306 959 1347 persona
980 1299 1055 1332 tua
1074 1290 1196 1332 nobis
1218 1300 1262 1333 et
1294 1291 1494 1333 fratribus
1526 1294 1679 1334 nostris
1697 1294 1753 1335 ob

215 1363 389 1394 tuorum
400 1350 666 1406 exigenciam
681 1351 931 1391 meritorum
946 1358 1135 1405 accepta,
1145 1350 1199 1391 de
1214 1350 1447 1392 eorundem
1461 1350 1637 1393 fratrum
1653 1368 1756 1393 con-

216 1410 313 1452 silio
353 1409 587 1465 apostolica
627 1409 883 1451 auctoritate
923 1408 1170 1464 providere,
1196 1416 1326 1465 teque
1368 1408 1429 1449 illi
1459 1410 1678 1463 praeficere
1711 1411 1757 1451 in

216 1467 479 1524 Episcopum
509 1476 553 1510 et
582 1477 798 1533 pastorem
837 1467 1121 1518 intendamus,
1155 1481 1246 1517 nos,
1279 1481 1332 1508 ne
1353 1467 1541 1523 provisio
1574 1477 1616 1510 et
1648 1484 1759 1524 prae-

216 1527 352 1569 feccio
373 1526 631 1583 hujusmodi,
664 1525 697 1567 si
719 1525 861 1567 forsan
878 1524 1087 1582 aliquibus
1108 1524 1329 1567 sententiis
1350 1535 1394 1567 et
1415 1526 1598 1568 censuris
1621 1527 1756 1569 ecclc-

216 1585 393 1628 siasticis
414 1585 569 1651 ligatus
600 1585 670 1634 sis,
701 1583 869 1626 valeant
898 1583 1097 1625 invalidae
1128 1584 1330 1640 reputaii,
1354 1584 1578 1650 piovideie
1610 1585 1758 1628 volen-

215 1654 294 1696 tes,
328 1652 371 1686 te
404 1659 430 1685 a
459 1643 675 1700 quibusvis
717 1642 1193 1708 excommunicacionis,
1230 1642 1516 1697 suspensionis
1553 1653 1597 1686 et
1626 1643 1757 1685 intei-

215 1702 334 1753 dicti,
376 1702 552 1759 aliisque
593 1701 886 1744 ecclesiasticis
919 1700 1157 1768 sentenciis,
1202 1702 1407 1752 censuris,
1453 1710 1498 1743 et
1543 1704 1693 1757 p'oeniS,
1732 1719 1757 1743 a

210 1762 324 1816 jure,
347 1761 415 1803 vel
436 1761 490 1802 ab
524 1760 710 1811 homine,
746 1759 893 1816 quavis
915 1760 1139 1801 occasione
1160 1759 1228 1800 vel
1262 1774 1389 1801 causa
1408 1759 1516 1810 latis,
1548 1760 1581 1801 si
1602 1761 1758 1817 quibus

216 1818 543 1876 quomodolibet
572 1818 800 1860 innodatus
822 1817 984 1869 existis,
1007 1818 1062 1859 ad
1092 1817 1173 1859 hoc
1195 1817 1409 1859 duntaxat
1438 1827 1486 1860 ut
1505 1819 1691 1873 provisio
1712 1827 1757 1861 et

216 1877 444 1933 praefeccio
464 1877 672 1932 predictae
693 1890 744 1918 ac
773 1876 954 1932 singulae
984 1875 1142 1918 litterae
1162 1875 1408 1932 apostolicae
1439 1876 1624 1932 desuper
1656 1891 1758 1919 cons

216 1936 413 1978 ficiendae
444 1950 566 1977 suum
607 1944 922 1991 consequantur
963 1934 1176 1984 effectum,
1230 1933 1485 1975 auctoritate
1533 1935 1753 1990 praedicta,

218 2001 372 2035 tenore
393 1992 675 2049 praesencium
698 1992 968 2042 absolvimus,
1001 2001 1045 2033 et
1076 1991 1316 2033 absolutum
1358 1992 1450 2034 fore
1477 1993 1754 2043 nunciamus3

218 2066 306 2093 non
337 2050 605 2094 obstantibus
636 2050 890 2106 apostolicis,
925 2065 974 2091 ac
1003 2050 1129 2092 bonae
1157 2049 1376 2091 memoriae
1402 2050 1581 2092 Octonis
1602 2060 1645 2094 et
1668 2052 1756 2094 Oc-

218 2110 385 2161 toboni,
418 2109 519 2152 olim
566 2109 610 2151 in
654 2124 789 2162 legno
841 2108 1009 2164 Angliae
1045 2108 1293 2163 apostolicae
1337 2108 1449 2150 sedis
1492 2109 1752 2167 legatorum,

219 2183 387 2211 necnon
409 2167 450 2209 in
472 2167 800 2224 provincialibus
832 2175 875 2208 et
898 2166 1172 2224 synodalibus
1195 2165 1382 2208 conciliis
1403 2167 1527 2210 editis
1547 2169 1756 2223 generali-

217 2227 298 2269 bus
329 2227 396 2269 vel
414 2226 664 2282 specialibus
686 2225 1070 2268 constitucionibus
1087 2234 1131 2267 et
1149 2224 1491 2268 ordinacionibus
1514 2242 1563 2268 ac
1584 2227 1754 2269 statutis

219 2294 264 2327 et
300 2284 691 2335 consuetudinibus,
741 2284 868 2326 dictae
902 2283 1105 2326 Ecclesiae
1146 2284 1393 2339 juramento
1425 2285 1753 2328 confirmacione

218 2344 463 2400 apostolica,
479 2343 549 2387 vel
566 2343 712 2400 quavis
729 2342 930 2385 firmitate
946 2342 1029 2385 alia
1041 2343 1251 2384 roboratis
1266 2343 1514 2400 caeterisque
1530 2344 1753 2386 contrariis

218 2403 570 2468 quibuscumque,
638 2401 755 2442 Nulli
786 2417 888 2457 eigo
920 2401 1093 2442 omnino
1121 2400 1338 2442 hominum
1373 2400 1499 2443 liceat
1534 2402 1642 2444 hanc
1682 2418 1755 2458 pau

218 2461 360 2516 ginam
383 2472 539 2502 nostiae
559 2460 844 2502 absolucionis
866 2459 1107 2515 infningere,
1132 2459 1199 2501 vel
1220 2459 1257 2501 ei
1280 2474 1383 2500 ausu
1407 2460 1632 2502 temer-aiio
1653 2477 1754 2503 con-

220 2519 361 2564 tiaiime
427 2519 472 2561 Si
503 2518 596 2575 quis
628 2528 770 2560 autem
812 2519 894 2560 hoc
925 2527 1180 2573 attemptare
1212 2518 1528 2572 piaesumpseiit
1562 2518 1754 2574 indigna-

221 2577 387 2620 cionem
429 2576 733 2632 omnipotentis
777 2576 860 2618 Dei
896 2592 945 2618 ac
978 2578 1200 2618 beatorum
1227 2576 1342 2618 Petii
1364 2586 1407 2616 et
1441 2576 1562 2617 Pauli
1583 2587 1752 2632 aposto-

222 2636 360 2677 lotum
382 2638 472 2692 ejus
506 2652 549 2677 se
583 2634 750 2676 noverit
784 2634 1059 2676 incuisuiQum
1122 2635 1239 2677 Data
1274 2633 1439 2684 Romae,
1472 2635 1586 2689 apud
1620 2637 1751 2677 Sauc-

222 2704 312 2735 tum
337 2693 527 2746 Petrum,
544 2708 654 2736 anno
676 2693 982 2736 incarnacionis
1007 2692 1245 2735 Dominicae
1262 2697 1317 2733 ΜΟ
1332 2692 1752 2751 quadringentesimo
