1807 2962
758 86 1036 120 APPENDIX.
1420 93 1631 125 CCCCXXV

156 191 299 236 Tenor
325 194 462 235 Bullae
490 193 620 249 Papae
648 195 852 250 Gregorii
875 200 915 237 7.
978 197 1067 237 Fol.
1093 198 1162 237 50.

153 252 301 294 Tenor
326 253 500 293 Chartae
529 252 738 294 Willielmi
766 253 895 310 Regis
927 268 1053 308 super
1077 253 1366 295 Libertatibus
1389 263 1431 296 et
1460 256 1630 298 Posses-

93 310 279 352 sionibus
317 310 606 365 spiritualibus
648 321 690 353 et
727 311 1028 367 temporalibus
1073 311 1231 353 Prioris
1273 312 1477 356 Dunelm.
1540 317 1627 356 Ful.

96 373 165 410 53.

153 426 300 468 Tenor
325 426 497 469 Chartae
521 422 706 467 Thomae
730 425 1048 482 Archiepiscopi
1073 424 1367 472 Eboracensis.
1445 431 1535 473 Fol.
1560 434 1630 471 53.

151 485 224 526 De
248 484 460 526 Tei-minis
483 493 526 524 et
550 484 724 525 Finibus
749 485 983 526 Dioceseos
1013 485 1326 526 Dunelmensis.
1388 487 1478 530 Fol.
1505 491 1574 529 54.

160 542 289 590 Quod
318 542 518 597 Episcopi
552 551 594 583 et
635 542 842 584 Monachi
876 543 1187 585 Dunelmenses
1210 543 1395 585 habeant
1417 545 1631 588 libertates

99 600 153 642 ad
181 600 310 654 Regis
333 615 535 641 colonam
557 602 833 654 pertinentes.

157 658 311 699 Multae
333 657 444 699 villae
481 666 523 698 et
558 667 683 699 teriae
715 658 829 699 datae
855 658 1054 700 VValtero
1087 660 1303 715 Episcopo
1335 659 1377 700 in
1406 661 1634 704 Lincolne-

96 714 224 759 sbire.
287 718 377 757 Fol.
394 719 463 759 57.
483 718 520 759 b.
545 725 588 756 et
615 715 825 757 Houeden
857 719 955 760 ibid.

160 773 406 815 Willielmus
450 773 719 830 Conquestor
760 774 1033 815 concordiam
1070 774 1170 816 fecit
1212 775 1323 817 inter
1362 777 1633 819 Willielmum

95 833 280 888 primum
308 831 565 886 Episcopum-
588 832 803 882 Dunelm.,
828 843 870 874 et
898 832 1135 874 Robertum
1161 834 1373 878 Comitem
1400 835 1637 877 Nerthum-

98 891 218 934 briae.
282 892 371 933 Fol.
398 894 467 930 63.

157 950 228 989 De
265 947 363 989 villa
399 947 451 988 de
479 947 820 1004 Hemyngburgh
853 956 895 990 et
931 949 1246 992 Brakenholme
1283 950 1383 993 data
1414 952 1631 993 monachis

99 1005 476 1048 Dunelmensibus.
538 1008 632 1051 ΕΟΖ.
666 1010 737 1049 58.
779 1008 814 1047 b.
879 1007 936 1048 Et
975 1006 1230 1061 Billingham
1257 1009 1465 1051 restituta.
1530 1011 1634 1052 Pre-

97 1065 250 1106 bendae
283 1064 336 1105 de
378 1063 619 1113 Auckland,
652 1065 925 1118 Darlington‚
949 1073 991 1106 et
1014 1065 1067 1105 de
1094 1065 1261 1108 Norton
1283 1068 1492 1108 ordinatae
1514 1070 1634 1110 erant

98 1138 176 1178 pro
198 1122 357 1163 clericis
380 1121 635 1162 secularibus
658 1122 873 1179 quondam
895 1122 937 1163 iu
962 1122 1153 1166 Ecclesia
1169 1125 1449 1166 Dunelmensi
1471 1126 1631 1181 degen-

99 1181 227 1223 tibus.
289 1182 379 1223 Fol.
406 1183 475 1221 58.
498 1182 534 1220 b.

161 1238 404 1293 Descriptio
440 1237 568 1278 totius
608 1238 772 1292 Angliae
808 1253 884 1293 per
922 1239 1205 1281 Willielmum
1237 1240 1418 1295 primum
1454 1242 1633 1296 Regem.

100 1299 189 1339 Fol.
214 1301 284 1338 60.
338 1296 458 1338 Obiit
496 1296 718 1337 Aldwinus
759 1298 918 1351 primus
957 1297 1080 1338 Prior
1115 1298 1318 1343 Dunelm.
1382 1300 1561 1344 Fol.60.
1595 1302 1632 1343 b.

102 1355 161 1397 Et
185 1355 402 1409 Turgotus
426 1353 468 1394 in
490 1355 578 1409 ejus
600 1354 695 1395 loco
718 1356 876 1396 electus
901 1355 1036 1397 Prior.

161 1412 281 1454 Obiit
310 1412 406 1453 Rex
429 1413 665 1465 Anglorum
695 1412 970 1456 Willielmus.
1034 1416 1124 1456 Fol.
1148 1415 1217 1458 60.
1241 1416 1278 1456 b.

158 1472 230 1513 De
253 1470 438 1511 moribus
466 1470 677 1511 Willielmi
701 1471 1021 1526 ConquestoriS.
1087 1473 1174 1514 Fol.
1195 1474 1262 1513 61.
1285 1488 1325 1514 α.

167 1529 392 1571 Ordinatio
431 1529 518 1569 sive
551 1528 878 1569 Testamentum
906 1529 1128 1571 Willielmi
1148 1530 1473 1586 Conquestoris‚
1508 1530 1635 1585 paulo
1702 1525 1715 1534 ”

104 1596 205 1628 ante
229 1588 395 1628 obitum
418 1601 555 1626 suum.
616 1589 706 1630 Fol.
732 1587 801 1630 61.
826 1589 861 1630 b.
884 1603 893 1628 :
928 1587 1105 1628 moritur
1131 1590 1255 1632 1087.

164 1645 395 1687 Colonatio
422 1644 633 1685 Willielmi
655 1645 700 1684 2⁶¹
724 1644 870 1701 Regis,
895 1645 966 1701 qui
992 1645 1128 1686 Rufus
1158 1646 1391 1687 dicebatur.
1452 1648 1540 1688 Fol.
1565 1651 1635 1688 62.

166 1703 264 1744 Rex
305 1702 550 1743 Willielmus
584 1706 646 1742 2¹1⁵
670 1702 789 1743 dedit
793 1680 1029 1758 Osspiseopo
1049 1704 1330 1745 Dunelmensi
1359 1705 1633 1746 Alvertonam

107 1775 203 1802 cum
237 1761 321 1802 suis
351 1759 625 1815 appendiciiS‚
660 1775 757 1802 cum
790 1761 910 1802 teiris
940 1771 981 1803 et
1013 1762 1219 1804 carucatis
1256 1762 1298 1803 in
1336 1763 1443 1804 villis
1474 1762 1632 1804 ibidem

106 1818 288 1873 scriptiS.
350 1821 438 1860 Fol.
463 1821 532 1861 62.
556 1820 592 1861 b.

166 1876 393 1918 Discordia
426 1875 536 1916 inter
574 1875 856 1917 Willielmum
898 1877 1062 1931 Regem
1099 1886 1144 1919 et
1182 1878 1423 1919 Robertum
1464 1878 1638 1919 fratrem

105 1950 240 1984 suum,
282 1934 494 1976 Comitem
529 1934 821 1976 Normanniae
896 1937 986 1978 Fl.
1028 1937 1098 1979 63.
1177 1936 1437 1977 VVillielmus
1473 1936 1636 1977 Dunel-

105 1994 260 2034 mensis
297 1992 535 2058 Episcopus
567 1995 593 2032 3
625 1992 745 2032 annis
772 1992 872 2033 exul
894 2002 986 2034 erat
1006 1994 1060 2035 ab
1093 1993 1260 2048 Anglia,
1284 1996 1443 2045 abidam,
1467 2002 1510 2035 et
1536 1995 1634 2035 Rex

105 2066 184 2106 pro
206 2050 442 2106 suspicione
464 2049 621 2091 seisivit
646 2050 859 2091 Houeden
883 2060 926 2092 et
952 2052 1148 2095 Welton.

108 2166 147 2208 A
167 2108 315 2206 Liltera
339 2106 562 2150 Willielmi
587 2107 787 2163 Episcopi
812 2108 1112 2151 Dunelmensis
1130 2109 1368 2152 Willielmo
1388 2110 1501 2151 Rufo
1527 2108 1636 2164 Regi

153 2181 208 2220 ng
228 2182 294 2206 lae.

169 2223 368 2265 Secunda
387 2222 534 2264 Litera
555 2222 767 2263 Willielmi
784 2223 979 2278 Episcopi
1002 2224 1301 2265 Dunelmensis
1323 2224 1438 2265 dicto
1461 2223 1635 2265 domino

113 2282 222 2338 Regi
256 2282 309 2322 (le
347 2281 506 2335 injuriis
544 2280 620 2320 sibi
659 2280 794 2331 illatis,
833 2296 926 2322 cum
965 2282 1137 2337 querela
1158 2291 1308 2324 contra
1334 2282 1638 2323 Vicecomitem

112 2340 439 2383 Eboracensem.
503 2341 591 2382 Ful.
618 2342 686 2381 63.
711 2341 745 2379 b.
