1807 2962
186 90 396 122 CCCCXXX
497 89 632 121 HIST.
662 88 903 120 DUNELM.
935 87 1241 119 SCRIPTORES
1268 89 1406 120 TRES.

181 199 483 253 tranfiguratus
514 205 578 239 est
616 196 824 243 Christus,
859 205 900 237 et
927 195 1135 237 Dominus
1162 210 1256 236 cum
1281 196 1432 252 Moyse
1454 195 1620 237 locutus
1644 206 1719 239 est.

181 258 292 299 Item
322 272 419 311 pars
455 257 509 298 (16
545 255 772 310 sepulchro
808 254 995 295 Domini.
1060 254 1129 294 De
1151 253 1268 308 ligno
1290 253 1467 295 carceris
1490 255 1622 295 sancti
1645 256 1720 296 Jo-

181 316 331 356 hannis
360 315 566 370 Baptistae
588 321 630 353 et
661 312 797 353 sancti
825 312 1027 367 Stephani
1052 311 1405 367 prothomartiris.
1468 312 1576 354 Item
1601 328 1721 354 sanea

182 383 323 415 torum
359 373 526 422 Jacobi‚
571 369 786 420 Zacharei,
833 370 1055 413 Simeonis,
1142 370 1320 424 Insuper
1355 370 1409 411 de
1445 384 1511 410 ΧΠ
1556 371 1719 412 thronis

184 432 503 487 Apostolorum.
568 431 677 472 Item
702 429 743 469 in
767 428 853 469 alio
872 428 965 470 loeo
988 443 1082 483 pars
1116 429 1169 469 de
1201 428 1425 482 sepulchro
1449 429 1640 478 Domini,
1666 430 1720 470 de.

181 491 345 546 templo
368 489 558 538 Domini,
583 488 637 529 de
660 486 839 542 spongia
862 486 1050 535 Domini,
1075 486 1128 526 de
1151 486 1360 541 praesepio
1383 486 1577 536 Domini,
1602 487 1655 527 de
1678 487 1720 528 la

181 548 474 605 quarenteine.
538 547 608 589 De
649 560 796 586 mensa
837 545 1028 589 Domini.
1100 545 1171 586 De
1213 554 1360 585 monte
1402 544 1573 586 Oliveti.
1648 545 1719 586 De

183 607 408 661 sepulchro
445 604 642 662 gloriosae
679 603 851 658 virginis
888 603 1055 644 Mariae.
1131 602 1200 643 De
1242 603 1382 657 lapide
1423 617 1550 657 snper
1589 618 1719 658 quem

180 675 304 706 natus
342 673 405 705 est
440 664 657 705 Johannes
694 661 900 716 Baptista.
966 662 1035 702 De
1070 675 1168 701 vase
1203 660 1273 702 ubi
1304 661 1554 701 lavabantur
1587 662 1719 716 pedes

181 723 472 779 apostolorum
496 722 538 762 in
561 722 694 762 coena.
759 720 870 761 Item
891 719 1080 775 reliquiae
1103 718 1281 760 diversae
1304 720 1346 759 in
1369 719 1552 774 quodam
1578 734 1718 774 panno

180 782 296 823 lineo
318 789 592 822 conservatae.
648 779 755 819 Item
780 778 832 818 de
850 779 1016 819 cuculla
1035 776 1169 818 sancti
1190 777 1396 818 Johannis
1418 777 1716 830 Evangelista‘.

190 841 252 882 De
275 838 488 881 cunabulo
513 836 704 879 Domini.
771 836 839 877 De
862 837 1025 877 ossibus
1057 836 1192 876 sancti
1218 833 1431 875 Vincentii
1455 835 1650 884 martiris,
1675 836 1718 876 in

180 899 347 940 duobus
382 896 496 938 locis.
564 896 669 936 Item
712 894 871 948 lampas
894 895 1090 949 quaedam
1115 902 1260 933 sancta
1283 894 1429 935 vitrea.
1495 893 1603 933 Item
1627 894 1719 948 pal-

178 957 281 997 lium
314 955 445 996 sancti
476 952 693 995 Edmundi
716 967 811 992 cum
836 967 953 1005 capa.
1020 952 1129 992 Item
1153 951 1295 991 casula
1316 949 1448 990 sancti
1472 952 1598 1004 patris
1622 967 1718 991 nos-

177 1014 231 1055 tri
256 1012 499 1056 Cuthberti.
568 1012 675 1052 Item
699 1010 863 1050 cuculla
885 1011 1020 1050 sancti
1060 1008 1238 1063 Elphegi
1276 1008 1597 1063 Archiepiscopi
1621 1025 1713 1050 san-

176 1072 304 1127 guine
338 1072 506 1113 infecta.
575 1068 776 1123 Quinque
806 1083 950 1108 cruces
988 1083 1084 1108 cum
1120 1067 1302 1123 reliquiis
1338 1068 1380 1107 in
1415 1066 1586 1108 diversis
1611 1068 1712 1109 locis

181 1141 456 1172 conservatae.

426 1397 658 1424 CCCXXXII.
694 1397 873 1424 FESTUM
909 1397 1069 1423 SANCTI
1105 1396 1373 1423 CUTHBERTI
1411 1398 1457 1423 IN

807 1455 1084 1482 SEPTEMBRI.

613 1551 698 1591 [Ex.
717 1551 820 1583 Otho.
838 1551 881 1583 B.
899 1554 929 1583 9.
946 1552 979 1582 in
999 1550 1089 1583 Bibl.
1109 1551 1261 1594 Cotton.]
1283 1555 1299 1570 ἢ

240 1651 349 1692 Haec
383 1656 447 1690 est
483 1646 750 1688 consuetudo
783 1654 826 1686 et
859 1645 930 1686 lez<
961 1647 1095 1686 sancti
1130 1646 1268 1687 Patris
1306 1646 1544 1696 Cuthberti,
1570 1662 1594 1688 a
1615 1649 1712 1689 reli-

180 1710 309 1766 giosis
342 1717 385 1749 et
415 1705 662 1761 potentibus
686 1703 781 1744 viris
814 1704 1046 1759 antiquitus
1070 1704 1291 1745 instituta:
1326 1705 1500 1754 scilicet,
1529 1715 1585 1755 ut,
1611 1718 1710 1748 ante

178 1769 306 1823 ipsius
331 1767 531 1813 Festum,
566 1763 679 1819 quod
716 1777 859 1802 mense
899 1761 1138 1816 Septembri
1181 1763 1412 1803 solenniter
1453 1764 1707 1813 celebratur,

175 1841 321 1868 omnes
370 1824 578 1872 Barones,
627 1820 786 1862 scilicet
831 1820 985 1861 Teines
1028 1831 1071 1861 et
1115 1820 1340 1875 DreingeS,
1391 1821 1545 1877 aliique
1589 1825 1710 1876 probi

177 1883 386 1931 homines,
411 1881 488 1922 sub
513 1882 671 1920 Sancto
694 1878 902 1933 praedicto
921 1887 1074 1919 terram
1101 1889 1305 1928 tenentes,
1329 1880 1585 1921 Dunclmnm
1608 1896 1709 1922 con-

178 1943 363 1990 veniant,
393 1967 499 1979 ......
524 1937 681 1978 ibidem
714 1946 920 1976 renovent
952 1944 994 1976 et
1021 1937 1275 1977 confirment
1298 1937 1434 1993 legem
1469 1948 1509 1978 et
1533 1953 1710 1980 consue-

178 2000 369 2041 tudinem
408 1996 530 2037 Pacis
570 1995 612 2035 S.
653 1993 893 2042 Cuthberti,
927 1993 1019 2043 viz.,
1045 1994 1224 2048 qualiter
1246 2009 1328 2048 pax
1359 1995 1468 2035 Festi
1493 1996 1620 2050 ipsuis
1654 1999 1707 2039 ab

178 2056 373 2099 omnibus
395 2053 449 2094 sit
479 2051 743 2094 observanda
764 2061 807 2092 et
830 2051 1041 2100 tenenda3
1076 2052 1132 2092 ita
1154 2052 1311 2093 scilicet
1333 2053 1438 2093 sicut
1463 2053 1503 2093 in
1528 2070 1708 2110 sequen-

179 2116 291 2157 tibus
313 2113 496 2154 habetur
519 2111 739 2165 scriptum.

237 2173 349 2214 Haec
383 2179 447 2211 est
485 2169 553 2210 lex
590 2169 780 2208 omnium
815 2166 869 2207 ad
903 2167 1055 2208 festum
1098 2167 1141 2208 S.
1168 2168 1393 2209 Cutliberti
1431 2169 1705 2214 venientium.

178 2233 410 2286 Postquam
432 2228 617 2269 exierint
639 2226 692 2266 de
714 2226 910 2265 domibus
933 2225 1031 2274 suis,
1056 2235 1217 2279 septem
1243 2227 1391 2267 diebus
1414 2239 1512 2269 ante
1536 2229 1703 2279 festum,

172 2301 215 2331 et
240 2298 400 2343 septem
425 2286 576 2327 diebus
597 2293 692 2340 post
709 2283 877 2332 festum,
897 2298 1043 2324 omncs
1061 2283 1246 2325 habeant
1265 2300 1411 2339 pacem
1434 2286 1471 2326 in
1494 2289 1705 2330 veniendo

173 2357 218 2389 et
250 2345 494 2393 redeund03
529 2352 571 2384 et
602 2351 719 2383 recta
751 2350 882 2382 strata
912 2352 1107 2396 pergant,
1132 2357 1209 2383 nec
1243 2354 1526 2399 pervagentur
1549 2346 1630 2387 buc
1663 2357 1705 2388 er,

174 2407 271 2447 illuc
306 2419 380 2459 per
411 2403 563 2449 villas3
598 2410 642 2441 et
673 2400 745 2455 qui
782 2429 1004 2441 ............
1040 2415 1185 2454 pacem
1220 2401 1404 2455 fregerit,
1430 2405 1627 2446 emendet
1649 2406 1701 2454 eI,

170 2474 398 2519 antequam
422 2461 474 2502 de
497 2474 599 2515 pace
621 2458 816 2499 reddant.
864 2457 1014 2498 Nullus
1033 2468 1172 2499 autem
1197 2460 1249 2500 acl
1270 2460 1420 2500 festum
1446 2462 1701 2504 venientium

221 2584 235 2600 ²*
263 2579 349 2611 This
365 2577 478 2610 notice
495 2587 561 2608 was
586 2574 797 2607 transcribed
815 2573 902 2605 from
922 2574 981 2605 the
999 2574 1181 2606 Oottonian
1201 2575 1278 2607 MS.
1298 2575 1411 2607 before
1428 2577 1471 2608 its
1488 2578 1700 2610 destruction

171 2627 216 2667 by
234 2625 298 2656 fire
314 2625 347 2655 in
371 2624 465 2659 1734,
483 2621 527 2663 by
544 2621 638 2653 John
659 2619 800 2654 Rowell‚
817 2619 882 2650 and
908 2621 951 2660 by
978 2620 1046 2651 him
1065 2620 1180 2661 copied
1207 2621 1279 2652 into
1294 2622 1353 2652 the
1379 2622 1473 2654 First
1491 2624 1652 2666 Regi-ster
1669 2624 1708 2655 of

173 2672 233 2703 the
250 2671 346 2702 Dean
365 2668 429 2700 and
449 2666 609 2708 Chapter.
664 2665 855 2697 Mickleton
873 2664 1048 2706 compared
1076 2664 1234 2696 Rowell's
1252 2672 1386 2698 extract
1406 2668 1484 2698 with
1505 2668 1563 2700 1116
1581 2671 1660 2712 orig.
1679 2671 1699 2700 9

173 2717 259 2746 Νον.
286 2716 379 2750 1715.
430 2713 493 2745 See
515 2711 622 2753 MSS.
643 2710 749 2742 Mick.
767 2709 826 2750 Bp.
845 2710 975 2741 Cosin's
996 2710 1142 2751 Libram,
1162 2710 1226 2742 No.
1249 2712 1298 2750 10,
1317 2713 1370 2747 37.
1419 2713 1495 2745 The
1513 2724 1700 2746 memoran-

171 2760 253 2791 dum
272 2759 365 2791 stood
383 2758 417 2789 in
437 2758 496 2788 the
516 2755 598 2788 MS.
615 2760 649 2786 at
668 2755 726 2787 the
744 2755 829 2786 head
852 2754 890 2786 of
911 2755 962 2787 St.
982 2754 1108 2787 Luke's
1126 2755 1266 2797 Gospel.
