1807 2962
460 102 735 135 APPENDIX.
774 100 895 133 ΑΝΝ.
923 101 1167 135 Moccxw.
1473 91 1588 138 cxiii

33 214 116 255 bus
149 214 316 255 actibus
352 210 506 253 nostris
538 209 764 251 meritoriis
786 209 924 264 ipsum
946 209 1039 251 fieri
1061 208 1314 264 participem
1338 221 1383 251 et
1405 224 1577 253 consor-u

32 279 153 320 tem3
186 270 503 313 considerantes
541 276 705 309 tantam
741 267 819 308 sibi
848 267 985 308 inesse
1019 281 1104 307 non
1137 281 1260 321 posse
1291 267 1570 310 devocionem

31 328 113 369 nisi
135 343 190 369 ex
212 328 364 384 spiritu
388 326 474 369 Dei
506 334 549 367 et
570 325 725 379 graciae
747 324 1019 379 septiformis,
1043 323 1114 378 qui
1137 339 1233 365 cum
1255 324 1308 365 sit
1329 325 1383 365 de
1406 326 1567 367 semine

30 385 168 439 regali
202 396 249 428 et
283 387 393 427 inter
422 383 735 437 potentissimos
757 398 782 423 a
803 383 936 424 latere
959 382 1105 436 Regis,
1117 390 1289 423 *tantam
1312 381 1563 436 dignitatem

33 443 205 494 oblitus,
231 453 275 485 et
295 442 460 498 generis
481 440 763 490 nobilitatem,
787 439 1056 481 oracionibus
1078 454 1312 494 pauperum
1339 439 1497 481 Christi
1519 449 1564 482 et

27 501 242 558 suffragiis
264 499 454 543 ecclesiae
486 507 542 540 se'
561 498 831 539 commendat
850 513 860 546 3
898 512 976 538 nec
998 506 1198 551 expectat
1221 505 1391 552 tempus
1413 512 1562 539 senec-

29 559 137 599 tutis
158 558 371 607 invalidae,
408 557 482 598 sed
520 556 645 597 offert
682 556 782 597 Deo
818 554 1048 610 primordia
1067 555 1231 596 floridae
1255 554 1494 609 juventutis
1515 564 1559 596 et

31 616 301 658 vivacitatem
333 615 491 669 ingenii
523 613 827 668 prosperitati-s,
862 613 1135 654 concedimus
1168 612 1206 654 ei
1235 627 1333 653 cum
1354 612 1556 653 fraternae

31 673 277 715 devocionis
317 672 520 726 suffragio
555 670 737 726 speciale
787 670 1058 725 participium
1108 669 1297 711 omnium
1343 670 1556 711 bonorum

30 731 323 785 spiritualium,
348 746 443 787 quae
465 731 575 771 fiunt
596 737 638 770 et
656 729 765 769 fient
786 728 1053 783 perpetuein
1076 727 1253 769 ecclesia
1275 728 1557 769 Dunelmensi

28 796 72 830 et
92 788 135 829 in
157 787 476 830 omnibuslocis
498 796 541 828 et
572 786 700 828 Cellis
722 786 863 827 eidem
893 785 1106 842 subjectis,
1127 787 1168 826 in
1192 785 1305 826 horis
1328 785 1486 826 diurnis
1502 794 1554 827 et

28 847 257 897 nocturnis,
297 846 442 896 missis,
481 844 760 894 oracionibus,
794 843 1113 893 devocionffius,
1154 843 1551 898 pi'aedicacionibus,

29 903 196 960 vigiliis,
221 903 466 959 disciplinis,
483 902 669 959 jejuniis,
694 901 1068 956 hospitalitatibUS,
1102 901 1340 943 elemosinis
1362 916 1553 942 commu-

29 961 165 1011 nibus,
204 971 246 1003 et
286 961 473 1017 privatis,
497 972 539 1001 et
570 959 766 1000 omnibus
797 959 887 1000 aliis
919 959 1118 1014 operib-us
1149 959 1348 1000 caritatis.
1415 959 1484 1008 Et,
1504 968 1552 999 ut

29 1019 120 1073 ejus
152 1019 398 1061 devocionis
431 1017 600 1060 affectio
621 1032 674 1058 eo
705 1017 758 1058 ad
780 1017 994 1071 religionis
1016 1026 1293 1071 augmentum
1315 1017 1553 1058 fervencius

28 1077 253 1127 animetur,
289 1092 374 1133 quo
411 1075 672 1131 spirituali—us
711 1090 758 1115 se
800 1074 906 1115 vidit
946 1075 1242 1131 religiosorum
1284 1074 1551 1115 oracionibus

28 1135 387 1185 commendatum,
406 1150 488 1175 non
504 1133 640 1174 solum
662 1133 797 1186 ipsum
820 1132 1081 1173 admittimus
1098 1133 1152 1173 ad
1174 1132 1448 1173 fraternitatis
1471 1132 1557 1172 suf-

26 1191 174 1246 fragia,
200 1207 349 1234 verum
371 1192 511 1242 etiam,
537 1192 592 1231 ob
627 1190 755 1246 ipsius
784 1191 1070 1231 reverenciam
1095 1199 1137 1231 et
1158 1205 1364 1239 amorem,
1389 1205 1549 1241 omnes2

24 1249 97 1305 qui
128 1249 258 1303 ipsius
276 1251 523 1291 memoriam
554 1259 689 1305 agunt
705 1247 745 1287 in
769 1247 852 1288 suis
874 1247 1192 1297 devocionibus,
1216 1247 1257 1288 in
1282 1247 1438 1288 nostris
1460 1262 1556 1293 orat

25 1306 217 1348 cionibus
240 1307 463 1362 participes
485 1322 574 1348 esse
603 1305 876 1347 concedimus
913 1314 956 1346 et
978 1314 1210 1348 consortes,
1271 1305 1324 1347 Jn
1346 1304 1466 1359 cujus
1488 1304 1550 1347 rei

25 1364 315 1407 testimonium
337 1365 413 1407 ἃς.

142 1621 264 1649 XCIV.
311 1623 563 1652 OBLIGACIO
601 1624 786 1652 PRIORIS
824 1623 1019 1651 DUNELM
1058 1622 1219 1651 COMITJ
1252 1621 1436 1649 MURRE0

736 1682 834 1709 VIAE.

601 1761 625 1801 ,ᾗ
633 1759 716 1803 Reg.
731 1758 779 1791 11.
795 1758 818 1790 f.
836 1760 889 1795 47.
902 1759 952 1799 b.‘,]

91 1834 306 1876 Universis
328 1844 472 1889 pateat
491 1850 570 1890 per
590 1844 820 1889 praesentes
841 1836 957 1891 quod
979 1850 1055 1876 nos
1077 1835 1123 1876 Pi
1133 1835 1199 1877 ior
1220 1834 1410 1876 ecclesiae
1428 1833 1552 1875 Dun-

20 1892 222 1934 elmens'is
244 1901 286 1933 et
306 1893 493 1948 ejusdem
517 1893 598 1934 loci
622 1889 870 1934 Conventus
894 1902 1086 1934 tenemur
1107 1903 1150 1933 et
1173 1892 1372 1947 praesenti
1393 1891 1552 1944 scripto

22 1950 264 2004 obligamur
281 1950 455 1992 domino
477 1951 530 1992 T.
556 1950 717 1993 Comiti
746 1950 989 1999 Murreviae,
1012 1950 1153 1991 locum
1176 1949 1338 1991 domini
1365 1949 1417 1992 R.
1442 1947 1552 2002 regis

27 2008 192 2049 Scociae
230 2008 391 2049 tenenti
414 2024 490 2063 pro
521 2009 826 2050 communitate
863 2007 1127 2062 episcopatus
1156 2006 1474 2055 Dunolmensis,
1507 2005 1552 2045 in

26 2065 281 2119 octIngentis
303 2066 467 2116 marcis,
491 2081 570 2121 pro
606 2065 858 2107 sufferencia
891 2065 932 2105 in
968 2080 1073 2119 pace
1103 2080 1270 2121 guerrae
1292 2063 1502 2112 habenda,
1526 2077 1553 2102 a

25 2122 94 2164 die
130 2122 248 2164 Jovis
291 2123 485 2177 proxime
526 2132 623 2165 ante
661 2123 814 2165 fest-um
858 2124 993 2164 sancti
1040 2122 1242 2163 Edwardi
1278 2121 1407 2175 Regis
1439 2135 1551 2161 anno

25 2180 180 2234 graciae
218 2185 379 2222 M⁰ccc⁰
421 2181 741 2237 quartodecimo
779 2195 912 2236 usque
942 2180 985 2220 in
1026 2180 1200 2220 octabas
1223 2179 1355 2220 sancti
1384 2176 1552 2219 Hillarii

25 2238 219 2292 proxime
252 2238 443 2287 futuras;
477 2239 687 2279 solvendis
720 2238 835 2292 apud
870 2237 1130 2279 Jeddeword
1152 2237 1203 2277 ad
1227 2236 1427 2277 terminos
1451 2235 1550 2275 su‘b-

20 2294 216 2348 script05‚
254 2295 450 2336 videlicet
496 2296 770 2337 medietatem
817 2295 859 2335 in
906 2295 1067 2335 octabis
1110 2293 1253 2334 Sancti
1291 2291 1470 2333 Martini
1507 2292 1550 2330 in

24 2352 179 2406 'hyeme
212 2366 323 2393 anno
359 2353 616 2406 supradicto,
641 2361 684 2393 et
718 2352 843 2393 aliam
879 2351 1152 2392 medietatem
1187 2351 1231 2390 in
1274 2348 1433 2390 octabis
1457 2348 1550 2389 Cir-

20 2407 290 2450 cumcisionis
312 2409 487 2450 Domini
516 2410 715 2464 proxime
746 2417 963 2465 sequente,
995 2408 1083 2448 sine
1103 2408 1302 2449 ulteriore
1324 2405 1549 2450 dilacione„

30 2466 100 2506 Ad
136 2481 263 2521 quam
298 2467 469 2521 quidem
505 2466 779 2515 solucionem,
815 2466 910 2506 loco
939 2473 983 2505 et
1014 2464 1214 2513 terminis,
1236 2465 1345 2504 bene
1367 2472 1411 2503 et
1447 2463 1552 2502 fide-

25 2522 125 2564 liter
156 2523 391 2564 faciendam
426 2532 469 2564 et
505 2524 747 2572 tenendam,
773 2531 814 2563 et
849 2522 976 2563 etiam
997 2521 1164 2562 obsides
1186 2530 1230 2562 et
1248 2519 1464 2574 hostagios
1496 2519 1550 2559 de

21 2580 331 2622 communitate
366 2581 647 2636 Episcopatus
671 2579 972 2620 Dilnolmensis
1005 2579 1221 2633 praedictae
1247 2592 1324 2632 pro
1345 2576 1553 2632 praedicta

26 2638 205 2691 pecunia
241 2638 419 2679 traditos
456 2639 573 2679 dicto
599 2637 755 2679 Comiti
775 2636 977 2677 solva-uda
994 2635 1095 2691 [ita]
1121 2635 1301 2690 sigillum
1325 2648 1550 2675 commune

29 2695 218 2749 Capituli
258 2695 392 2736 nostri
432 2695 718 2751 apposuimus
786 2694 900 2736 Data
940 2694 1148 2735 Dunolm.
1189 2692 1313 2734 nonis
1337 2691 1550 2741 Octobris,

23 2766 140 2794 anno
153 2753 414 2807 supradicto„

726 2822 757 2850 H
