1807 2962
487 69 760 102 APPENDIX.
787 70 907 102 ANN.
936 70 1212 102 Mcccxcw.
1484 57 1617 103 clxxv

96 175 395 233 assignandos;
471 190 651 233 quorum
711 177 1016 219 monachorum
1077 192 1184 218 unus
1246 177 1435 219 divinum
1496 178 1624 218 servi-

99 234 212 275 cium
263 235 388 284 dicet,
440 244 483 276 et
534 233 639 275 alius
690 236 926 277 custodiam
978 235 1105 277 dictae
1140 235 1274 277 Cellae
1305 236 1473 286 habeat,
1511 236 1630 277 sicud

91 293 282 347 magistri
318 293 423 334 inibi
457 293 616 334 habere
647 303 936 336 consuerunt:
978 303 1021 335 et
1057 293 1230 349 singulis
1261 296 1384 336 annis
1421 295 1475 336 de
1512 303 1625 335 statu

96 351 287 405 ejusdem
335 351 478 400 Cellae,
529 360 573 392 et
617 351 671 392 de
719 352 914 394 omnibus
960 352 1143 406 receptis
1188 360 1231 393 et
1276 353 1492 408 expensis,
1535 362 1622 394 tam

93 408 148 449 de
190 409 339 450 eadem
378 409 500 450 Cella
539 424 666 465 quam
702 410 756 451 de
797 409 969 451 decimis
1004 410 1199 451 villarum
1234 411 1552 465 praedictarum,
1578 420 1622 453 et

94 466 186 507 aliis
222 467 413 522 superius
447 467 713 522 expressatis,
748 483 889 509 coram
923 467 1043 509 nobis
1084 468 1153 509 vel
1192 469 1503 510 successoribus
1524 485 1622 511 nos-

95 525 169 565 tris
198 526 240 566 in
269 524 500 580 praesencia
527 525 786 566 confratrum
812 534 1053 567 nostrorum
1078 527 1247 568 fidelem
1276 528 1491 568 racionem
1522 529 1621 569 red-

95 582 196 624 det:
244 593 286 625 et
317 583 459 624 onmia
495 583 577 624 alia
609 598 741 625 onera
773 593 974 626 consueta
994 584 1121 626 dictae
1160 585 1293 626 Cellae
1328 585 1623 628 incumbencia

93 640 239 682 debite
272 641 465 696 perficiet
496 650 540 683 et
573 650 796 696 supportet
815 657 826 691 3
859 651 1042 698 excepto
1077 642 1194 699 quod
1228 643 1366 684 nullos
1388 644 1621 686 monachos

94 698 257 740 lusores
291 699 500 750 admittet,
536 699 616 740 nisi
638 699 692 741 de
728 699 830 741 dicti
864 701 1025 742 domini
1065 701 1242 743 Roberti
1275 701 1547 757 beneplacito
1579 711 1623 743 et

94 772 262 798 assensu
283 773 294 806 3
326 757 498 812 proviso
533 757 829 799 nichilominus
861 759 977 815 quod
1007 774 1096 810 nOS‚
1122 759 1187 801 vel
1210 774 1471 801 successores
1493 760 1627 801 nostri

99 815 283 870 praefati,
306 816 442 857 dictos
464 816 694 858 monachos
718 817 785 858 vel
807 832 955 858 eorum
978 818 1172 867 alterum,
1195 832 1273 873 pro
1297 817 1476 860 utilitate
1498 819 1625 873 ipsius

99 873 259 915 domini
286 874 479 924 Roberti,
503 890 576 916 seu
612 885 769 925 nostra,
792 877 1027 931 poterimus
1064 876 1131 918 vel
1153 877 1341 930 poterint
1358 876 1411 918 ad
1433 886 1627 918 nostrum

99 931 412 986 beneplacitum
438 947 670 974 removere.
735 933 779 976 Si
813 948 913 976 vero
934 934 1164 989 praedictus
1187 934 1381 975 dominus
1407 936 1624 977 Robertns

101 989 142 1029 in
166 989 281 1031 dicta
298 990 420 1032 Cella
439 999 615 1046 propter
630 991 802 1033 hostiles
824 992 1012 1033 incursus
1035 992 1100 1033 vel
1121 1008 1390 1034 communem
1412 1008 1626 1048 guerram,

100 1048 218 1103 quod
253 1048 378 1095 absit,
401 1063 486 1089 non
508 1050 663 1103 poterit
684 1065 960 1101 commorare,
983 1050 1158 1093 habebit
1185 1066 1398 1093 cameram
1420 1052 1473 1093 de
1498 1052 1631 1093 Cold-

99 1106 287 1162 yngham
311 1106 422 1147 infra
443 1107 743 1149 monasterium
766 1118 955 1150 nostrum
989 1109 1257 1163 praedictum,
1288 1125 1336 1151 ac
1359 1125 1629 1151 communem

100 1164 457 1206 sustentacionem
480 1180 557 1220 pro
575 1180 618 1206 se
635 1176 677 1207 et
692 1167 956 1208 serventibus
978 1168 1060 1208 suis
1077 1168 1321 1209 necessariis
1338 1182 1416 1222 pro
1438 1177 1630 1222 tempore

98 1237 231 1263 morae
267 1238 354 1264 suae
387 1223 440 1264 de
477 1223 682 1278 praedicta
713 1225 835 1266 Cella
867 1226 921 1267 de
953 1225 1107 1275 Jarow‚
1132 1241 1180 1266 ac
1201 1226 1257 1266 de
1278 1226 1452 1267 decimis
1475 1235 1517 1267 et
1539 1226 1630 1267 aliis

103 1281 367 1335 supradictis,
434 1281 484 1322 In
518 1283 636 1337 cujus
669 1283 731 1324 rei
752 1283 1039 1325 testimonium
1062 1284 1245 1338 sigillum
1267 1298 1492 1325 commune
1515 1283 1631 1339 capi-

102 1338 179 1380 tuli
214 1339 345 1380 nostri
383 1340 661 1394 praesentibus
699 1351 761 1382 est
798 1357 1050 1396 appensum.
1117 1342 1235 1383 Data
1269 1342 1311 1382 in
1333 1342 1462 1383 domo
1484 1351 1630 1383 nostra

106 1396 342 1452 Capitulari
377 1412 419 1439 VI
452 1398 583 1449 Junii,
606 1413 720 1440 anno
757 1399 933 1441 Domini
955 1399 1178 1441 millesimo
1203 1405 1332 1441 000Πιο
1356 1400 1632 1458 nonagesimo

105 1465 270 1512 quarto.

338 1699 455 1730 CLVI.
490 1699 708 1727 LICENTIA
730 1699 787 1726 AD
812 1699 1162 1727 CELEBRANDUM
1186 1699 1394 1731 NUPCIAS.

772 1775 845 1818 [Ex
862 1777 976 1821 Orig.]

166 1857 393 1898 Walterus
427 1884 484 1890 --
519 1854 756 1910 Episcopus
793 1854 1098 1896 Dunelmensis
1135 1855 1292 1898 dilecto
1322 1857 1412 1898 filio
1447 1858 1636 1900 Johanni

108 1915 248 1957 Priori
284 1913 474 1956 ecclesiae
515 1921 673 1954 nostrae
714 1913 1017 1955 Dunelmensis
1048 1941 1105 1948 —-
1144 1914 1199 1955 ad
1240 1915 1635 1970 solempnizandum

107 1972 425 2014 matrimonium
466 1972 553 2012 sive
589 1971 802 2026 sponsalia
837 1971 950 2012 inter
984 1972 1180 2027 praeclari
1201 1973 1369 2026 generis
1390 1974 1633 2017 Johannem
1682 2018 1685 2019 γ

108 2032 243 2073 filium
265 2030 418 2072 nobilis
440 2038 484 2071 et
506 2030 720 2084 magnifici
744 2029 820 2069 viri
850 2029 1028 2071 Domini
1051 2030 1104 2071 de
1130 2029 1285 2086 Nevyll
1307 2041 1349 2072 et
1369 2032 1497 2073 filiam
1517 2048 1634 2088 mag-

107 2089 225 2131 nifici
247 2097 288 2131 et
311 2088 482 2129 illustris
507 2087 582 2127 viri
604 2087 765 2129 domini
783 2087 963 2129 Comitis
987 2087 1040 2128 de
1068 2088 1227 2130 Cancia
1248 2089 1290 2129 in
1312 2090 1491 2131 ecclesia
1507 2105 1633 2146 paro-

109 2147 235 2189 chiali
256 2147 310 2188 de
335 2146 635 2200 Brauncepath
656 2155 813 2187 nostrae
835 2145 1067 2196 dioceseos,
1092 2147 1268 2188 absente
1290 2147 1421 2202 ipsius
1444 2149 1633 2190 ecclesiae

109 2214 289 2255 rectore,
301 2204 378 2246 tibi
399 2213 606 2260 quantum
628 2204 681 2244 de
694 2204 791 2258 jure
805 2218 1027 2259 possumus
1042 2213 1190 2245 tenore
1205 2206 1485 2259 praesencium
1507 2206 1638 2248 licen-

109 2263 217 2304 ciam
239 2262 509 2303 concedimus
531 2261 773 2316 specialem.
838 2262 888 2303 In
911 2262 1031 2316 cujus
1051 2290 1107 2296 —
1127 2262 1245 2304 Data
1265 2262 1307 2302 in
1329 2263 1518 2304 manerio
1540 2279 1638 2306 nos-

111 2329 179 2362 tro
212 2320 265 2361 de
302 2319 508 2369 Houden,
548 2319 680 2362 Ebor.
723 2319 846 2360 Dioc.
870 2320 939 2361 die
976 2333 1089 2359 xxix
1121 2319 1276 2360 mensis
1305 2321 1497 2375 Augusti,
1522 2337 1636 2364 anno

113 2377 289 2420 Domini
323 2376 546 2418 millesimo
579 2376 879 2419 trecentesimo
911 2377 1186 2434 nonagesimo
1208 2386 1376 2434 quarto,
1404 2387 1448 2420 et
1473 2389 1633 2422 nostrae

110 2434 393 2478 translationis
414 2434 609 2491 septimo.
