1807 2962
453 116 733 149 APPENDIX.
761 116 885 148 ANN.
915 115 1245 147 memnon...
1518 102 1622 149 cxlv

91 236 328 266 marcarum
357 223 429 265 de‹¹
453 223 772 280 quadringentis
805 222 922 264 libris
962 222 1177 278 praedictis
1208 236 1288 277 pro
1321 228 1512 276 tempore
1546 222 1617 265 illo

90 290 224 323 cesset
254 290 296 323 et
326 292 497 323 maneat
527 282 569 322 in
600 295 826 336 suspenso3
860 290 902 321 et
934 281 1066 321 eciam
1100 280 1215 335 quod
1237 288 1463 335 postquam
1486 280 1617 321 iidem

90 339 214 380 Prior
233 347 278 380 et
304 339 551 381 Conventus
573 348 646 380 aut
667 353 928 379 successores
950 338 1013 379 sui
1034 337 1282 393 praedictam
1303 338 1548 387 cantariam,
1572 338 1617 378 in

86 396 224 437 forma
243 396 448 451 praedicta
473 396 690 438 annuatim
721 395 1031 445 inveniendam,
1056 410 1130 450 per
1159 394 1362 450 scriptum
1394 410 1515 435 suum
1537 396 1615 436 sub

85 453 225 508 sigillo
256 469 332 495 suo
364 454 577 495 communi
608 453 905 508 obligaverint,
938 453 1252 503 ratificaverint,
1276 461 1318 493 et
1340 453 1618 493 confirmave-

85 513 187 561 rint,
208 526 289 566 pro
320 526 363 552 se
394 520 438 552 et
469 511 777 554 successoribus
794 513 894 560 suis,
918 511 1033 566 quod
1055 519 1215 551 extunc
1237 510 1399 551 solucio
1421 510 1620 566 quadrin-

86 578 311 623 gentarum
331 583 570 610 marcarum
601 569 659 610 de
684 577 777 609 toto
798 577 947 616 cesset,
980 579 1024 609 et
1053 567 1250 623 praedicti
1284 567 1408 609 Prior
1436 580 1478 609 et
1503 568 1619 609 Con-

86 637 239 667 ventus
273 634 315 667 et
352 641 611 668 successores
640 626 703 666 sui
734 626 788 666 de
819 627 969 667 eadem
1009 641 1174 667 summa
1209 625 1619 681 quadringentarum

86 697 324 725 marcarum
355 684 544 725 totaliter
574 694 876 725 exonerentur.
942 684 992 724 In
1024 684 1142 738 cujus
1173 683 1234 724 rei
1257 682 1542 724 testimonium
1565 683 1619 723 si-

86 741 234 795 gillum
260 755 400 781 meum
422 741 704 795 praesentibus
726 749 788 782 est
810 755 1060 795 appensum.
1122 742 1241 783 Data
1261 741 1374 794 apud
1401 741 1618 782 Braunce-

86 798 203 853 path,
245 808 370 839 sexto
409 799 479 840 die
516 798 669 841 mensis
708 797 830 848 Maii,
868 813 980 840 anno
1003 798 1181 840 Domini
1226 797 1451 840 millesimo
1484 802 1616 839 cccm⁰

87 856 398 913 septuagesimo
419 865 587 899 octavo.

208 1207 396 1235 cxxvnl.
430 1207 597 1235 LITERA
629 1208 799 1235 DOMINI
833 1208 1005 1235 THOMAE
1038 1208 1270 1236 HATFIELD
1293 1208 1501 1236 EPISCOPI

207 1264 532 1292 DUNELMENSIS
569 1265 700 1292 MISSA
742 1266 925 1293 DOMINO
969 1266 1131 1294 PRIORI
1175 1267 1230 1293 ET
1273 1267 1501 1294 CAPITULO

204 1321 489 1350 MONASTERH
528 1323 872 1351 DUNELMENSIS.

648 1432 752 1476 [aeg.
773 1432 824 1465 11.
844 1431 901 1465 fol.
923 1434 994 1470 157.
1012 1432 1063 1473 b.]‘

467 1555 556 1583 PER
580 1554 841 1583 EPISCOPUM
866 1555 1238 1587 DUNOLMENSEM,

148 1655 243 1698 Filii
275 1655 495 1705 carissimi,
518 1670 608 1706 nos,
641 1657 713 1712 qui
744 1670 823 1711 pro
856 1657 1040 1712 peccatis
1062 1658 1215 1698 nostris
1240 1658 1356 1712 juste
1379 1658 1620 1712 affligimur,

87 1722 135 1753 ut
165 1714 393 1755 clamemus
426 1714 481 1754 ad
502 1713 755 1763 Dominum,
790 1723 834 1755 et
865 1716 1110 1756 invocemus
1142 1715 1328 1769 supremi
1361 1715 1513 1757 medici
1555 1718 1622 1757 in-

87 1770 261 1811 fallibile
294 1771 517 1812 consilium
552 1780 595 1812 et
632 1771 971 1826 potentissimum
1008 1772 1226 1822 auxilium,
1257 1787 1332 1826 per
1358 1773 1622 1828 Prophetam

87 1827 297 1870 efficacius
330 1829 571 1872 edocemur.
635 1828 693 1870 Et
724 1829 823 1885 quia
858 1844 975 1884 spem
1010 1830 1176 1870 firmam
1209 1839 1252 1871 et
1274 1831 1472 1872 fiduciam
1496 1832 1623 1873 indu-

86 1885 198 1926 biam
235 1885 277 1926 in
309 1886 408 1927 Deo
439 1885 697 1941 reponimuS,
732 1887 847 1942 quod
878 1887 1097 1928 infirmitas
1119 1888 1363 1942 corporaliS‚
1389 1904 1529 1945 quamv,
1554 1905 1623 1930 re-

86 1943 278 1995 graciato
299 1943 531 1994 Altissimo,
554 1944 783 1999 pacienter,
808 1945 848 1985 in
872 1956 1076 2000 quantum
1098 1945 1234 1986 carnis
1265 1946 1474 2000 permittit
1490 1948 1622 2001 fragi-

86 2000 197 2050 litas,
221 2001 466 2052 toleramus,
499 2016 577 2055 per
600 2001 759 2043 Christi
780 2002 973 2043 fidelium
1005 2004 1094 2057 pias
1124 2018 1270 2057 preces
1292 2004 1418 2045 cedet
1441 2005 1619 2047 celerius

87 2058 128 2097 in
153 2058 501 2100 emendacionem
538 2060 635 2100 vitae
669 2068 711 2101 et
738 2060 892 2101 anirnae
929 2070 1086 2104 nostrae
1120 2060 1334 2102 salubrius
1356 2062 1397 2102 in
1420 2063 1620 2112 salutem,

86 2124 268 2157 vestram
303 2117 510 2157 sinceram
549 2117 827 2158 devocionem
867 2117 1053 2168 filialem,
1092 2133 1219 2174 quam
1256 2127 1459 2175 tanquam
1495 2120 1618 2161 nobis

86 2181 250 2227 gratam
273 2174 424 2214 intimo
444 2173 582 2215 cordis
603 2189 746 2216 amore
760 2175 1094 2229 complectimur,
1119 2176 1390 2217 affectuosius
1412 2193 1497 2233 quo
1521 2193 1620 2232 pos-

87 2245 228 2271 sumus
251 2231 399 2271 humili
435 2231 585 2285 spiritu
618 2232 911 2286 deprecamur,
951 2233 1162 2288 quatinus,
1185 2234 1230 2273 in
1252 2234 1397 2274 vestris
1420 2237 1553 2275 missis
1575 2243 1621 2275 et

87 2287 179 2328 aliis
201 2288 365 2328 devotis
387 2288 634 2329 oracionum
656 2289 877 2342 suffragiis,
900 2305 977 2330 nos
998 2299 1042 2331 et
1064 2299 1221 2331 statum
1244 2300 1431 2332 nostrum
1454 2307 1619 2332 recom-

87 2344 279 2385 mendati
300 2345 533 2399 dignemini
565 2346 751 2386 corditer
782 2360 943 2388 aeterno
978 2347 1111 2397 Patri,
1136 2356 1179 2388 et
1210 2362 1288 2401 pro
1310 2349 1431 2389 nobis
1455 2349 1619 2405 jugiter

88 2401 352 2442 intercedere
382 2417 510 2456 penes
541 2402 814 2443 clemenciam
840 2404 1088 2447 Salva-toris.
1153 2404 1379 2446 Confrater
1400 2415 1550 2456 vester,
1576 2415 1621 2447 et

89 2458 211 2499 nobis
244 2458 285 2498 in
311 2459 483 2499 Christo
505 2459 698 2508 dilectus,
722 2460 939 2501 Johannes
961 2461 1014 2501 de
1041 2462 1306 2516 Beryngton,
1330 2462 1401 2517 qui
1424 2477 1525 2517 erga
1544 2478 1622 2504 nos

89 2524 131 2556 et
153 2515 372 2556 consilium
394 2524 584 2557 nostrum
616 2531 692 2571 pro
718 2517 912 2571 Collegio
936 2518 1253 2559 BIonachorum
1275 2527 1317 2560 et
1342 2520 1622 2569 Secularium,

89 2573 204 2628 quod
240 2572 282 2613 in
318 2574 555 2627 profectum
589 2582 631 2615 et
661 2574 867 2615 honorem
899 2576 1089 2616 ecclesiae,
1117 2584 1276 2617 nostrae
1314 2577 1624 2618 Dunolmensis

87 2629 378 2680 stabilivimus,
396 2630 642 2687 diligencias
659 2631 889 2673 laudabiles
912 2632 1108 2687 apposuit
1125 2642 1166 2674 et
1181 2634 1360 2684 labores,
1384 2635 1504 2676 vobis
1527 2636 1627 2676 viva.

90 2702 195 2728 voce
218 2688 341 2741 plene
377 2688 547 2738 referet,
572 2697 615 2729 et
651 2688 783 2729 eciam
806 2690 863 2734 sin
896 2689 1061 2744 scriptis
1089 2691 1300 2740 ostendet,
1323 2692 1424 2746 quid
1450 2708 1525 2747 per
1546 2708 1626 2734 nos

92 2743 249 2785 factum
271 2744 395 2786 suerit
432 2754 474 2787 et
508 2760 582 2801 per
617 2761 688 2788 vos
727 2746 817 2788 fieri
851 2747 1043 2789 volumus
1078 2747 1118 2789 in
1141 2748 1381 2804 praemissis,
1454 2751 1627 2792 Statum

838 2818 869 2844 K
