1807 2962
217 61 413 109 CCXCViii
553 78 688 111 HIST.
718 76 954 109 DUNELM.
980 78 1283 111 SCRIPTORES
1303 80 1443 112 TRES.

272 185 550 227 BERMPTON.
614 184 784 226 Diversi
805 184 925 227 liberi
947 192 1138 227 tenentes
1161 185 1343 227 reddunt
1365 201 1445 242 pro
1463 185 1560 228 vilia
1581 185 1739 229 ibidem

206 258 282 299 per
303 259 463 285 annum
485 242 654 297 xxxiijS.
677 242 781 296 viijd.

268 303 641 344 SKYRNYNGHAM.
723 299 922 341 Heredes
966 299 1138 340 Ricardi
1177 301 1230 341 de
1273 301 1384 342 Essh
1409 310 1553 343 tenent
1596 302 1737 344 villam

206 359 364 401 ibidem
387 360 533 409 libere,
558 368 599 400 et
619 358 805 399 reddunt
827 372 903 411 per
923 372 1078 398 annum
1099 358 1214 414 lxvj⁸.
1234 358 1336 412 viijd.

268 417 504 458 NEUSHAM
546 430 602 456 ET
649 415 893 456 WYNSTON.
957 415 1158 456 Heredes
1199 415 1405 457 johannis
1446 416 1644 467 Hedlam‚
1682 418 1737 459 de

199 474 296 529 jure
330 474 472 515 uxoris
503 488 604 523 suae,
628 481 776 514 tenent
797 473 953 513 ibidem
977 481 1112 513 certas
1144 482 1276 514 terras
1308 474 1452 523 libere,
1486 488 1563 528 pro
1585 475 1737 531 quibus

204 532 435 574 redderent
456 546 532 587 per
553 545 709 572 annum
731 529 817 586 iiijs.
834 547 846 579 3
879 529 1010 571 nichil
1039 538 1183 571 tamen
1205 531 1483 572 reddiderunt
1504 547 1582 586 per
1603 547 1738 574 annos

203 605 311 640 xxx,
337 598 380 630 et
402 589 595 643 amplius.

270 647 633 689 OSMoNDCROFT.
689 645 937 686 Willielmus
961 645 1110 686 Bowes
1125 653 1242 687 tenet
1260 645 1415 687 ibidem
1430 646 1567 687 sexies
1591 646 1738 703 viginti

203 720 319 747 acras
362 714 499 755 terrae,
543 713 587 745 et
627 702 768 744 reddit
809 717 886 757 per
926 717 1084 744 aunum
1120 708 1180 745 XS.
1256 704 1314 744 Et
1354 703 1526 745 fuerunt
1570 705 1736 745 Priores

206 763 518 804 Dunelmenses
540 761 581 801 in
604 760 869 816 possessione
899 760 1163 815 percipiendi
1195 761 1355 802 dictum
1378 776 1567 802 annuum
1598 761 1740 802 reddi-

205 830 297 862 tum
318 821 476 876 absque
498 818 842 861 contradiccione
865 832 998 873 usque
1021 818 1075 858 ad
1097 818 1244 859 decem
1276 833 1423 868 annOS,
1443 819 1511 859 vel
1542 834 1595 860 eo
1611 819 1737 869 circa,

204 878 356 919 ultimo
379 878 555 932 elapsos

265 936 504 977 CLETLAM.
550 935 849 975 BAREFORDE.
899 931 1020 972 Idem
1039 931 1284 973 Willielmus
1304 933 1456 974 Bowes
1471 941 1590 975 tenet
1606 933 1738 976 libere

204 993 363 1034 ibidem
394 993 420 1047 ij
454 994 630 1033 bovatas
664 998 801 1037 terrae,
835 1003 912 1043 pro
944 989 1096 1044 quibus
1128 989 1326 1031 redderet
1362 1005 1440 1045 per
1476 1006 1630 1032 annum
1665 992 1737 1046 vjd.

205 1051 327 1092 Idem
366 1050 611 1091 Willielmus
635 1055 752 1088 tenet
774 1046 906 1087 libere
939 1055 1072 1087 certas
1105 1055 1235 1087 terras
1268 1047 1440 1097 ibidem,
1473 1064 1553 1103 pro
1585 1049 1737 1104 quibus

203 1109 405 1150 redderet
441 1122 518 1162 per
538 1119 694 1147 annum
728 1103 800 1158 iijs.
869 1103 926 1143 Et
957 1104 1058 1144 istos
1090 1104 1282 1146 redditus
1315 1105 1454 1146 dictus
1493 1106 1737 1147 Willielmus

202 1181 289 1208 non
310 1166 450 1215 solvit,
473 1179 551 1204 nec
572 1163 736 1203 solvere
758 1161 970 1215 proponit,
994 1161 1073 1202 nisi
1106 1162 1386 1216 implacitetur
1407 1178 1485 1217 pro
1507 1163 1679 1205 eisdem.

264 1224 597 1266 SOMERHOUSE.
651 1219 902 1273 Radulphus
923 1220 1077 1260 Comes
1101 1219 1459 1261 Westmerlandiae
1477 1230 1590 1262 tenet
1607 1222 1738 1263 libere

205 1281 363 1322 ibidem
387 1289 520 1322 totam
546 1289 700 1321 terram
723 1277 776 1318 de
802 1276 1099 1328 Semel-house,
1138 1285 1182 1319 et
1211 1277 1352 1320 reddit
1382 1293 1460 1333 per
1481 1293 1638 1319 annum
1660 1281 1733 1335 vjs.

205 1338 311 1393 viijd.

265 1398 665 1438 STAYNDROPSHIR.
732 1393 840 1434 Item
875 1393 1127 1447 Radulphus
1158 1394 1312 1435 Comes
1335 1401 1451 1435 tenet
1474 1394 1735 1451 Stayndrop-

206 1455 292 1496 shir
313 1455 460 1503 libere,
494 1462 536 1494 et
558 1450 699 1493 reddit
720 1465 796 1506 per
817 1465 975 1491 annum
999 1451 1086 1505 iiij1.

266 1512 672 1553 NEUTONKETTON.
734 1508 848 1548 Villa
870 1508 1025 1549 ibidem
1049 1508 1274 1550 dimittitur
1300 1508 1524 1550 Wilillemo
1548 1509 1733 1560 Hikson,

205 1587 300 1613 cum
319 1568 605 1624 reparacicne,
629 1575 672 1607 et
694 1566 835 1607 reddit
857 1566 969 1606 clare
991 1581 1066 1620 per
1087 1582 1244 1607 annum
1269 1567 1366 1620 viij¹.

265 1629 536 1669 MANERIUM
570 1639 627 1666 DE
666 1624 875 1667 KETTON.
942 1623 1181 1665 Manerium
1219 1624 1372 1665 ibidem
1396 1624 1624 1666 dimittitur
1649 1624 1737 1667 Ro-

205 1688 327 1728 berto
352 1682 643 1738 Strangwassh
675 1690 719 1722 et
757 1681 939 1722 Thomae
960 1681 1079 1722 fratri
1101 1682 1304 1736 ejusdem,
1339 1682 1392 1722 ad
1430 1682 1652 1723 terminum
1675 1698 1738 1723 xx

207 1758 430 1791 annorum,
456 1743 615 1797 absque
657 1739 892 1779 indenturis
935 1747 978 1779 et
1012 1739 1154 1789 stuffo,
1198 1754 1276 1794 pro
1297 1740 1416 1794 xxij¹.
1454 1755 1529 1794 per
1550 1755 1736 1789 annum3

205 1815 349 1844 tamen
372 1799 552 1841 reddere
570 1797 730 1838 solebat
748 1796 896 1850 xxiiij&
960 1797 1150 1837 Decasus
1171 1797 1249 1838 xl⁵.
1316 1798 1553 1851 Reparacio
1570 1812 1737 1853 magnae

207 1861 395 1917 grangiae
437 1857 594 1897 ibidem
647 1863 874 1895 assessatur
914 1853 968 1894 ad
1010 1854 1106 1909 viij¹.
1174 1854 1411 1907 Reparacio
1451 1857 1573 1895 unius
1614 1870 1737 1895 novae

208 1931 388 1959 camerae
420 1923 460 1955 et
483 1913 656 1954 aliarum
680 1911 856 1951 duarum
881 1925 1142 1952 camerarum
1165 1911 1334 1960 ibidem,
1360 1920 1445 1951 tam
1468 1913 1511 1952 in
1533 1912 1737 1953 meremio

209 1990 308 2032 qum
331 1973 372 2013 in
395 1980 558 2013 tectura
580 1968 763 2023 lapidea,
788 1976 1017 2008 assessatur
1039 1968 1092 2008 ad
1115 1968 1180 2022 vj¹.
1205 1968 1275 2022 ij.
1299 1968 1403 2022 viijd.

267 2033 448 2074 CoToM.
499 2028 689 2068 Thomas
704 2025 893 2065 Norman
906 2025 959 2066 de
979 2026 1104 2066 Novo
1126 2026 1277 2066 Castro
1293 2034 1410 2067 tenet
1429 2025 1586 2067 ibidem
1606 2026 1738 2068 libere

211 2092 297 2132 duo
335 2088 443 2129 tofta
464 2094 503 2127 et
527 2084 663 2126 crofta
685 2092 728 2124 et
750 2083 794 2122 lx
816 2097 931 2123 acras
955 2092 1080 2123 terrae
1103 2091 1146 2123 et
1169 2083 1223 2136 iiij
1249 2097 1364 2123 acras
1386 2087 1508 2137 prati,
1532 2094 1575 2125 et
1596 2085 1739 2126 reddit

207 2163 286 2205 per
307 2160 463 2188 annum
486 2143 579 2197 xijd.

271 2205 543 2246 NEUHOUSE.
607 2198 893 2239 Dimittuntur
925 2197 1111 2238 Ricardo
1146 2197 1300 2252 Dycon
1335 2212 1430 2238 cum
1465 2198 1739 2252 reparacione

207 2272 249 2307 et
271 2262 436 2304 decima
456 2258 695 2315 garbarum,
719 2265 762 2297 et
782 2265 942 2312 practer
964 2255 1172 2297 decimam
1193 2254 1309 2305 foeni,
1330 2265 1372 2297 et
1406 2256 1548 2297 reddit
1570 2271 1645 2309 per
1666 2271 1739 2298 an-

206 2335 309 2363 num
341 2319 428 2373 liijs.
452 2316 542 2371 iiijd.

269 2380 433 2420 CoTES.
498 2371 783 2415 Dimittuntur
818 2371 1000 2411 ,Iohanni
1039 2370 1209 2411 Denom
1249 2379 1291 2410 et
1328 2369 1511 2410 Thomae
1548 2371 1735 2420 Denom,

208 2452 305 2480 cum
339 2433 536 2475 omnibus
573 2429 745 2471 decimis
780 2427 1087 2482 pertinentibus
1110 2427 1265 2467 eisdem
1303 2427 1419 2477 locis,
1454 2436 1635 2482 excepta
1665 2428 1738 2468 de-

209 2495 318 2536 cima
339 2492 577 2546 garbarum,
603 2496 644 2528 et
664 2486 851 2527 reddunt
873 2500 948 2540 per
969 2500 1123 2526 annum
1142 2485 1236 2539 VJ¹.;
1272 2493 1410 2525 tamen
1432 2486 1609 2527 reddere
1632 2485 1740 2526 sole-

210 2554 316 2593 bant
339 2550 404 2603 vjl.
429 2549 497 2602 ij.
523 2545 624 2599 viijd.
687 2544 876 2584 Decasus
899 2543 969 2597 ij,
994 2542 1097 2596 viijd.

277 2610 643 2650 HE1GHYNGTON.
709 2600 947 2655 Reparacio
968 2599 1155 2655 grangiae
1178 2597 1391 2639 decimalis
1414 2608 1457 2640 et
1490 2599 1612 2640 unius
1645 2599 1743 2639 tho-

212 2667 310 2708 ralis
334 2663 489 2705 ibidem
518 2666 749 2701 assessatur
779 2658 833 2698 ad
866 2657 955 2713 liijs.
993 2657 1084 2713 iiijd.
1152 2657 1388 2711 Reparacio
1425 2657 1541 2699 chori
1585 2656 1740 2698 ibidem

214 2725 430 2766 estimatur
451 2719 505 2760 ad
528 2718 594 2773 Vj'.
621 2716 725 2772 xiijS.
749 2715 840 2770 iiijd.
