1807 2962
446 64 736 103 GAUFRIDUS
774 70 840 101 DE
878 65 1235 101 coLmNGnAM.
1578 57 1609 105 9*

83 176 410 233 multiplicandis
433 186 474 218 et
501 175 834 232 possessionibus
872 175 1098 217 dilatandis
1133 188 1299 216 omnem
1323 174 1499 228 gerebat
1530 175 1613 216 sol-

78 235 341 277 licitudinem
360 251 370 284 3
404 244 450 276 ut
481 235 524 275 in
553 234 670 276 brevi
693 233 857 289 priores
879 233 1070 275 redditus
1094 248 1205 274 nova
1225 233 1501 288 adaequarent
1522 233 1610 273 siv'e

83 295 309 335 transirent
342 293 601 334 incrementa
613 309 623 341 3
656 307 752 348 quae
785 306 870 332 non
893 300 980 333 tam
1017 291 1099 333 suis
1135 305 1260 346 quam
1293 289 1612 331 succedentium

85 351 164 392 sibi
178 351 400 407 judicabat
422 350 564 392 usibus
581 350 815 405 profutura.
871 349 1113 390 Libertates
1127 363 1297 404 quoque
1319 362 1412 389 suas
1430 362 1506 388 nec
1529 347 1613 388 Re-

81 408 146 464 gis
194 423 272 450 nec
327 407 647 463 Archiepiscopi
692 422 774 449 nec
818 407 996 448 aliorum
1037 405 1322 462 quorumlibet
1363 404 1612 459 obreptione

83 466 258 515 violari3
289 480 369 507 nec
390 465 584 522 aliquem,
609 465 682 521 qui
702 479 790 506 suae
813 464 964 506 ditioni
984 464 1244 518 subjacebat,
1268 463 1338 504 vel
1358 463 1448 517 ejus
1471 472 1614 517 patro-

85 523 196 565 cinio
217 539 261 565 se
283 523 590 573 committebat,
614 522 908 577 impetentium
929 521 1182 563 fortitudine
1203 536 1347 576 passus
1365 530 1429 562 est
1445 530 1616 561 contur-

83 581 187 623 bari.
252 582 355 623 Erat
376 582 419 622 in
442 581 638 622 omnibus
670 579 1025 622 fortunatissimus
1043 595 1054 629 3
1087 588 1144 630 et,
1175 579 1229 621 ad
1250 592 1516 635 quaecunque
1536 593 1612 634 ge-

80 638 216 680 renda
245 639 311 680 vel
332 638 642 680 adinvenienda
672 638 829 679 direxit
851 637 1051 688 animum,
1076 637 1130 678 ad
1153 637 1384 689 vot[iv]um
1407 650 1610 691 prospere

81 696 367 738 succedebant
401 696 657 749 [affectum]
721 695 851 738 Unde
885 710 973 737 non
994 695 1131 736 minus
1163 694 1419 749 stupendum
1443 693 1613 734 videtur

83 769 208 810 quam
237 754 486 803 dolendum,
520 754 564 795 in
594 753 730 794 solum
762 752 1006 808 cupiditatis
1037 752 1207 795 devolvi
1239 753 1401 804 vitium,
1432 751 1500 793 cui
1521 750 1612 792 fere

85 812 374 854 universorum
397 812 706 866 suffi·agabatur
726 810 862 866 gratia
883 825 1063 854 morum.

224 1087 321 1114 CAP.
354 1086 394 1114 V.
457 1086 514 1113 DE
549 1085 690 1114 OBITU
724 1084 885 1112 SANCTI
919 1085 1125 1122 GODRICI,
1161 1085 1218 1113 ET
1249 1085 1467 1114 PASSIONE‘

264 1144 423 1172 SANCTI
455 1143 629 1171 THoMAE
662 1142 1025 1170 CANTUARIENSIS
1056 1143 1427 1173 ARCHIEPISCOPI-

592 1235 696 1276 [MS.
722 1235 804 1278 Cap.
820 1246 912 1268 exn.
928 1235 985 1269 fol.
1009 1237 1098 1280 167.]

147 1330 274 1372 Anno
290 1328 564 1383 pontificatus
586 1327 650 1368 sui
667 1328 847 1384 septimo
862 1328 1043 1380 decimo,
1062 1329 1275 1384 prioratus
1290 1331 1498 1373 Germani
1516 1346 1615 1383 vul,

85 1402 196 1429 anno
213 1385 501 1428 incarnatione
516 1385 694 1427 Domini
711 1399 885 1436 MCLXX,
902 1387 1157 1428 venerabilis
1171 1388 1380 1430 heremita
1400 1390 1613 1432 Godricus

87 1445 131 1486 in
163 1453 384 1486 senectute
415 1444 529 1485 bona
559 1443 758 1498 migravit
784 1459 810 1485 a
839 1445 1009 1493 seculo3
1043 1445 1287 1497 [laudabilis
1320 1446 1418 1488 vitae
1443 1462 1613 1490 cursum

85 1502 272 1559 glorioso
293 1502 378 1544 fine
394 1501 666 1551 concludens,
690 1516 808 1543 suam
829 1510 1040 1557 perpetuo
1058 1504 1320 1554 memoriam,
1339 1504 1421 1559 piae
1439 1521 1617 1547 conver-

84 1560 255 1602 sationis
277 1560 477 1614 exemplo
499 1559 660 1600 mundo
682 1559 946 1615 dereliquit.]
998 1560 1167 1602 Eodem
1190 1577 1359 1618 quoque
1382 1578 1495 1605 anno
1516 1579 1612 1619 pre-

86 1618 218 1659 tiosus
246 1617 422 1658 Domini
446 1616 617 1667 athleta,
647 1617 965 1659 Cantuariensis
1000 1618 1369 1674 ArchiepiscopuS‚
1406 1621 1613 1672 Thomas,

88 1683 204 1731 [post
227 1674 433 1716 diutinam
455 1683 499 1715 et
521 1674 815 1716 multimodam
832 1674 950 1716 exilii
965 1678 1179 1731 septennis
1195 1676 1499 1734 fatigationem,
1518 1689 1615 1734 post

85 1733 367 1774 miserandam
381 1732 628 1773 clericorum
642 1747 814 1774 suorum
831 1742 875 1774 et
896 1733 1324 1787 consanguineorum,
1343 1737 1618 1791 parvulorum

88 1790 216 1832 etiam
248 1790 303 1831 ad
335 1791 467 1832 ubera
501 1790 781 1844 pendentium
817 1799 861 1831 et
893 1790 936 1830 in
972 1792 1090 1832 cunis
1113 1791 1383 1844 vagientium,
1407 1795 1620 1850 proscrip-

88 1847 262 1897 tionem,
286 1848 341 1889 ad
376 1848 518 1889 sedem
556 1863 676 1889 suam
706 1849 785 1890 sub
806 1863 880 1902 spe
902 1848 1015 1903 pacis
1036 1858 1270 1900 revocatus,
1294 1851 1443 1906 quinta
1463 1853 1616 1894 natalis

89 1905 330 1947 Dominicae
359 1906 443 1956 die,
473 1920 617 1947 coram
653 1906 790 1956 altari,
824 1905 867 1946 in
897 1906 1073 1948 ecclesia
1096 1906 1270 1958 Christi,
1296 1908 1435 1951 hostia
1458 1910 1615 1952 Christi

87 1963 198 2004 inter
219 1978 381 2014 manus,
392 1978 566 2004 suorum
587 1963 763 2005 funestis
781 1972 964 2020 quatuor
983 1964 1224 2021 iniquorum
1245 1966 1410 2022 gladiis,
1432 1968 1617 2022 plurimo

87 2031 300 2062 conventu
341 2021 693 2075 malingnantium
730 2021 943 2063 civitatem
985 2031 1029 2064 et
1061 2022 1285 2064 ecclesiam
1326 2024 1529 2079 replente,
1571 2027 1617 2067 in

91 2094 248 2120 corona
269 2079 533 2134 corruptibili
554 2093 632 2134 pro
653 2094 812 2120 corona
849 2079 1177 2130 inmarcessibili,
1201 2082 1380 2123 cerebro
1401 2084 1539 2139 ejecto
1570 2092 1614 2125 et

26 2161 30 2163 -
88 2151 164 2191 per
195 2137 485 2191 pavimentum
521 2137 669 2187 effuso,
704 2152 837 2178 caesus
873 2146 949 2181 est.
1035 2138 1159 2180 Solus
1193 2140 1407 2188 occubuit,
1450 2142 1615 2183 caeteris

86 2195 242 2245 illaesis,
266 2203 308 2236 et
331 2204 473 2235 tamen
495 2194 635 2236 animo
666 2196 896 2250 conpassis,
918 2194 1149 2249 plurimum
1172 2196 1351 2238 formam
1374 2198 1617 2240 Dominicae

88 2251 255 2293 imitans
292 2251 509 2306 passionis,
552 2262 736 2306 excepto
777 2253 893 2308 quod
929 2252 972 2293 in
1013 2253 1208 2307 passione
1238 2255 1399 2296 socium
1429 2256 1615 2298 noluerit

87 2309 245 2350 habere
293 2309 509 2363 passionis·
592 2311 946 2366 Stupendumque
987 2311 1272 2361 vehementer,
1317 2321 1359 2354 et
1398 2313 1616 2367 perpetuis

92 2365 353 2420 temporibus
390 2368 724 2416 memorandum,
762 2377 968 2423 quantum
1001 2368 1229 2409 admissum
1252 2368 1379 2410 fuerit
1407 2370 1539 2411 scelus
1571 2371 1615 2411 in

90 2436 284 2473 matrem,
307 2437 403 2464 curn
424 2424 468 2464 in
489 2425 650 2477 gremio
672 2426 816 2465 matris
831 2425 1092 2466 trucidarent
1109 2425 1183 2465 filii
1207 2434 1363 2480 patrem
1381 2442 1393 2476 ;
1414 2436 1457 2468 et
1479 2437 1613 2469 tantae

91 2480 263 2537 quidem
296 2481 601 2534 solempnitatis
636 2490 897 2522 venustatem
934 2481 1158 2535 impiorum
1182 2482 1403 2525 inmanitas
1425 2485 1578 2540 polluit
1603 2502 1613 2527 ι

89 2538 163 2580 sed
185 2538 274 2592 ipse
297 2553 392 2579 eam
414 2552 490 2578 suo
512 2552 660 2580 cruore
676 2538 948 2593 pei-fundenS‚
967 2539 1182 2594 amplioris
1198 2540 1345 2596 gloriae
1362 2542 1615 2585 claritudine

90 2594 347 2650 illustravit]
414 2595 480 2636 Eo
503 2610 617 2645 vero,
641 2595 883 2651 priusquam
906 2595 1006 2636 talia
1027 2598 1189 2646 fierent,
1213 2598 1350 2640 adhuc
1373 2614 1451 2654 pro
1467 2600 1614 2643 debito

90 2652 310 2707 pastoralis
326 2652 450 2695 officii
468 2653 682 2702 exulante,
702 2655 921 2708 episcopus
939 2652 1283 2705 Dunhelmensis,
1304 2657 1411 2698 sicut
1432 2657 1613 2700 universi

90 2725 196 2764 pene
218 2725 295 2767 per
321 2709 517 2765 Angliam
539 2711 813 2768 <to—episcopi,
839 2727 888 2754 eo
922 2712 1037 2768 quod
1062 2722 1209 2755 contra
1229 2713 1391 2770 iniquas
1413 2717 1614 2771 praevari-
