1807 2962
204 74 283 132 CIX
454 86 459 93 ¹
524 97 663 129 HIST.
691 96 929 128 DUNELM.
958 96 1268 128 SCRIPTORES
1293 95 1441 128 TRESU

200 219 360 256 ceseOS,
379 203 530 261 quibus
547 202 797 244 canonicum
813 216 900 242 non
917 202 1083 243 obsistit
1099 201 1461 255 impedimentum,
1477 202 1530 244 ad
1547 203 1726 259 primam

197 271 420 304 tonsuram
448 262 660 310 ordinare,
692 260 925 300 elecciones
953 260 1007 300 de
1028 258 1363 315 quibuscumque
1385 260 1571 313 personis
1592 262 1727 303 eccle-

199 319 381 361 siasticis
411 319 467 360 ad
497 332 789 381 quoscumque
827 316 1060 366 prioratu-s,
1095 316 1348 366 Abbathias‚
1383 317 1626 373 digni-tates,
1651 334 1728 360 serr

201 377 286 418 alia
325 377 533 418 beneficia
572 373 858 417 ecclesiastica
896 373 1008 414 infla
1042 381 1221 414 vestram
1257 373 1459 415 diocesim
1496 376 1727 418 constituta

197 435 331 476 factas
361 442 406 475 et
435 433 661 481 faciendas,
696 441 739 472 et
765 445 838 472 e01
843 445 911 471 um
932 446 1153 485 processus
1175 431 1414 472 examinare
1436 440 1479 472 et
1500 433 1724 484 discutere,

197 500 240 533 et
280 501 408 546 prout
441 492 606 545 justum
643 488 785 538 fuerit,
824 489 1073 529 confirmare
1114 487 1181 529 vel
1216 489 1443 539 infilmare‚
1482 489 1724 546 electosque

196 549 457 604 hujusmodi,
481 548 515 588 si
536 556 578 589 et
600 554 809 609 quatenus
823 553 887 586 est
903 545 1149 587 benediccio
1166 545 1434 599 imponenda,
1455 547 1726 599 benedicere,

196 620 366 648 necnon
401 606 546 648 omnia
577 606 659 646 alia
691 612 733 644 et
765 602 944 656 singula,
982 619 1079 659 quae
1107 602 1418 656 jurisdicciouis
1445 605 1726 647 contensiosae

196 663 399 713 existunt,
434 678 519 719 quo
552 663 607 703 ad
639 660 828 702 subditos
859 661 1156 703 tantummodo
1186 669 1347 701 vestros
1378 661 1520 702 facere
1539 670 1581 702 et
1602 677 1729 703 exer-

198 735 302 762 cere
337 720 469 762 libeie
509 720 697 767 valeatis,
739 718 989 772 paternitati
1028 729 1182 759 vestrae
1217 719 1464 759 reverendae
1504 719 1725 761 licenciam

195 786 346 820 tenore
381 777 664 833 praesencium
699 775 970 816 concedimus
1001 775 1045 815 in
1077 774 1267 816 Domino
1288 775 1528 829 specialem,
1551 777 1604 817 ad
1626 792 1725 818 nos-

195 843 309 876 trum
339 834 653 890 beneplacitum
686 834 946 875 duraturam.
1012 833 1061 874 In
1083 833 1201 887 cujus
1222 832 1283 873 rei
1304 832 1589 874 testimonium
1610 834 1727 891 sigil-

195 893 284 933 kum
325 901 518 934 nostrum
558 889 841 947 praesentibus
883 890 1083 932 duximus
1123 889 1438 954 apponendum.
1523 890 1640 932 Data
1679 907 1725 933 m

193 951 386 992 manerio
417 958 563 990 nostro
593 950 649 990 de
690 947 971 996 Stebenheth,
1005 947 1074 988 d'ie
1104 947 1200 1000 xjma
1231 946 1385 987 mensis
1419 946 1586 998 Marcii,
1610 963 1726 990 anno

195 1007 374 1048 Domini
406 1006 632 1047 millesimo
658 1009 780 1046 cccm⁰
811 1005 1076 1059 octogesimo
1106 1018 1239 1044 nono
1300 1003 1357 1044 Et
1388 1013 1543 1046 nostrae
1574 1020 1723 1049 conse-

192 1064 389 1106 crationis
411 1078 525 1105 anno
546 1078 676 1105 nono.

310 1363 467 1393 CXLIII.
490 1361 828 1390 MEMORANDUM
846 1362 972 1394 QUOD
988 1362 1102 1389 PAPA
1117 1363 1364 1391 CONCESSIT
1382 1364 1598 1395 EPISCOPO

308 1421 617 1449 DUNELMEMSI
650 1420 868 1447 DURANTE
892 1420 1111 1447 SCISMATE
1135 1421 1425 1448 OMN-IMODAM
1448 1423 1604 1451 JURIS-

308 1478 570 1506 DICCIONEM
603 1477 916 1504 SPIRITUAL-EM
948 1477 1005 1504 ET
1037 1478 1330 1505 DIOCESANAM
1355 1479 1403 1505 IN
1435 1480 1605 1509 PERSO-

304 1536 380 1563 NIS
421 1536 506 1563 SUB
550 1535 753 1562 DOMINIO
798 1533 933 1562 REGIS
965 1535 1149 1562 ANGLIAE
1183 1536 1514 1564 EXISTENTIBUS
1549 1539 1598 1565 IN

304 1593 488 1622 DIOCESI
522 1592 681 1620 SANCTI
712 1592 907 1619 ANDREAE
931 1592 980 1619 IN
1011 1592 1170 1620 SCOCIA
1192 1594 1248 1620 ET
1272 1593 1320 1620 IN
1344 1594 1472 1621 LOCIS
1496 1595 1599 1627 QUAE

304 1650 422 1679 IDEM
456 1650 549 1677 REX
579 1650 628 1677 IN
670 1650 852 1678 DIOCESI
874 1650 1082 1678 PREFATA
1105 1651 1341 1679 FORTASSIS
1364 1652 1605 1683 ADQUIRE'F‘

304 1707 524 1736 DURANTE
558 1708 775 1735 SCISMATE
808 1707 1052 1735 PRAEDICTO
1084 1708 1336 1736 SECUNDUM
1368 1709 1494 1741 QUOD
1528 1710 1601 1737 IN-

306 1765 472 1792 FERIUS
495 1765 811 1794 CONTINETUR.

777 1842 882 1886 [Reg.
908 1840 963 1875 ΙΙ.
985 1841 1009 1874 f.
1032 1843 1132 1883 208.1

247 1918 483 1968 Wasterus,
498 1919 773 1973 permissione
797 1918 954 1959 Divina
970 1918 1271 1960 Dunelmensis
1293 1919 1528 1975 episcopus,
1554 1921 1717 1963 diiecto·

187 1975 277 2016 filio
299 1977 500 2029 magistio
523 1977 708 2016 Thomae
730 1975 956 2025 Grefflam,
979 1976 1099 2016 nobis
1130 1976 1173 2015 in
1204 1978 1378 2017 remotis
1408 1979 1631 2034 agentibus
1652 1979 1713 2019 vi-

187 2032 302 2073 cario
326 2040 473 2073 nostro
495 2032 538 2072 in
569 2032 855 2085 spiiitualibus
877 2033 1076 2096 generali,
1101 2033 1291 2082 salutem,
1310 2013 1496 2090 graciam
1518 2046 1560 2077 et
1580 2036 1712 2077 bene-

187 2089 638 2131 dictionem.Lite1-as
654 2089 903 2130 sanctissimi
925 2089 967 2129 in
987 2090 1156 2131 Christo
1168 2091 1299 2145 patris
1318 2100 1360 2132 et
1378 2092 1538 2132 domini
1561 2093 1708 2143 nosni,

185 2146 348 2188 domini
371 2146 593 2188 Bonefacii
614 2146 757 2187 divina
778 2147 1050 2201 plovideneia
1072 2148 1201 2201 Papae
1222 2148 1337 2198 noni,
1361 2149 1451 2203 ejus
1474 2165 1576 2190 vela
1594 2151 1712 2192 bulla

185 2204 387 2259 plumbea
426 2218 522 2245 cum
564 2204 741 2244 cordula
771 2204 921 2245 canabi
962 2219 1079 2245 more
1114 2205 1322 2246 Romanae
1354 2207 1486 2248 curiae
1511 2207 1706 2258 bullatas,

185 2276 320 2310 sanas,
344 2262 542 2317 integras,
566 2262 767 2316 omnique
801 2262 908 2302 vicio
940 2270 983 2303 et
1013 2261 1248 2315 suspicione
1278 2272 1486 2314 carentes,
1511 2265 1631 2306 nobis
1653 2280 1712 2305 ex

183 2328 304 2373 parte
335 2319 525 2383 ejusdem
560 2318 723 2359 domini
754 2319 887 2360 nostri
920 2320 1054 2374 Papae
1073 2319 1270 2372 directas,
1302 2335 1438 2376 nuper
1458 2322 1710 2377 recepimus,

184 2386 374 2417 tenorem
397 2377 469 2431 qui
490 2376 679 2431 sequitur
699 2376 979 2420 continentes.

246 2433 489 2475 Bonifacius
520 2432 756 2488 episcopus,
780 2449 923 2474 servus
955 2449 1172 2476 servorum
1205 2434 1303 2484 Dei,
1326 2436 1558 2477 venerabili
1587 2436 1708 2478 fratri

184 2490 383 2545 episcopo
422 2490 700 2532 Dunelmensi
730 2492 922 2541 salutem,
958 2501 1000 2533 et
1033 2491 1308 2547 apostolicam
1345 2492 1705 2537 benedicti-,onem

184 2547 412 2590 Pastoralis
445 2547 570 2589 officii
605 2562 718 2597 cura,
742 2549 861 2590 nobis
898 2549 1111 2591 immelito
1146 2564 1202 2591 ex
1236 2549 1340 2590 Al-to
1371 2551 1607 2600 commissa,
1631 2566 1709 2592 cor

182 2614 373 2646 nostrum
397 2605 602 2646 continua
622 2605 760 2659 pulsat
792 2606 1008 2657 instancia,
1033 2615 1079 2647 ut
1101 2621 1275 2663 gregem
1297 2607 1417 2648 nobis
1439 2607 1646 2649 creditum
1679 2623 1704 2649 a

182 2662 321 2703 noxiis
342 2670 385 2702 et
407 2662 592 2703 adversis
610 2677 658 2716 pl
661 2677 778 2703 eserx
782 2678 852 2704 are
875 2664 998 2705 solita
1018 2664 1243 2729 diligencia
1263 2664 1519 2714 studeamus,
1540 2673 1581 2706 et
1603 2680 1702 2706 oves

183 2719 300 2760 nobis
323 2719 577 2769 commissam,
601 2734 654 2760 ne
687 2720 883 2775 luporum
913 2721 1130 2776 paciantur
1151 2721 1337 2764 incursus
1360 2731 1402 2764 et
1424 2736 1568 2764 emum
1591 2736 1703 2763 moi-
