1807 2962
408 84 700 116 GAUFmDUs
739 84 806 115 DE
846 81 1212 116 COLDINGHAM.
1517 77 1579 118 15

51 194 332 251 patrocinium
344 191 401 234 eis
421 191 707 234 advocationis
723 200 965 248 praestante,
984 192 1101 248 operi
1119 190 1391 233 nihilominus
1407 205 1581 247 operam

53 254 222 295 dabant.
289 251 525 292 Videbatur
562 249 640 291 hiis
686 250 920 306 Episcopus
962 251 1189 298 assentire3
1241 249 1344 291 dum
1385 251 1578 306 querelas

50 311 354 353 monachorum
386 308 441 350 ad
473 309 609 363 ipsum
640 307 885 366 frequenter
908 308 1068 350 delatas
1091 322 1174 349 non
1197 308 1472 357 admitteret3
1504 309 1579 351 sed

51 370 220 424 objecto
257 368 420 421 nullum
458 365 603 419 [inde]
634 366 694 407 eis
726 366 840 408 nasci
871 381 996 422 posse
1036 365 1263 410 libertatis
1287 366 1374 408 sive
1416 381 1578 422 posses-

50 427 180 468 sionis
213 424 497 480 dispendium,
535 424 810 478 permissione
840 423 1038 466 simulata
1072 424 1324 478 praeteriret.
1407 424 1579 466 Amisso

49 484 181 539 igitur
218 482 456 525 Comitatus
489 481 642 532 officio,
684 482 991 537 Sathbergeam
1013 495 1214 523 revocare
1246 482 1493 537 satagebam
1525 482 1582 524 ad

47 544 167 599 eujus
189 540 387 583 desiderii
405 539 602 581 effectum
624 539 756 594 magis
771 554 943 581 censum
962 554 1089 596 quam
1107 539 1355 581 meritorum
1372 540 1460 581 sive
1482 555 1582 596 pre-

50 614 160 649 cum,
203 613 321 640 more
362 597 502 647 solito,
526 596 796 652 profuturum
818 597 952 639 sciens
984 612 1077 639 esse
1107 597 1370 653 suffragium,
1396 611 1430 638 11
1463 598 1579 640 mille

49 658 165 699 libris
187 657 242 698 ob
264 656 354 711 ejus
375 654 687 696 restitutionem
708 655 877 705 oblatis,
904 655 1036 710 Regis
1058 654 1245 698 animum
1268 655 1485 706 emollivit,
1508 655 1581 712 qui

50 723 92 757 et
123 714 265 756 literas
298 725 340 756 et
372 713 502 754 verba
522 713 803 766 amica[bilia]
830 713 1046 768 Episcopo
1077 712 1245 754 direxit.
1312 714 1382 755 Ex
1402 728 1581 770 quarum

49 772 274 815 dulcedine
312 770 455 826 magni
478 771 568 825 jam
600 771 654 813 de
686 787 761 827 spe
792 781 837 812 et
866 770 1024 813 fiducia
1056 770 1334 812 exultationis
1365 780 1408 813 et
1437 771 1583 826 gaudii

50 831 216 872 inerant
238 838 472 884 conceptus
489 844 501 878 3
534 828 756 886 ignorante
780 827 996 885 Episcopo
1018 843 1124 885 quos
1141 829 1181 871 ei
1197 828 1360 871 fructus
1375 829 1584 881 proximae

52 887 338 931 tribulationis
360 886 587 942 parturiret
608 901 825 929 occursus.

166 1164 266 1191 CAP.
291 1163 333 1192 X.
370 1162 428 1190 DE
452 1162 593 1190 OBITU
620 1161 830 1191 HUGONIS
855 1162 1218 1191 DUNHELMENSIS
1243 1163 1465 1197 EPISCOPI.

540 1255 635 1300 [MS.
655 1255 736 1299 Cap.
754 1265 870 1288 cxvn.
888 1254 946 1288 fol.
966 1256 1028 1294 170
1045 1257 1092 1299 b.]

112 1349 268 1391 Itinere
301 1363 485 1404 namque
523 1362 663 1389 versus
704 1348 876 1390 Curiam
921 1357 1105 1404 arreptO,
1149 1350 1290 1393 subita
1330 1367 1428 1395 eum
1470 1357 1585 1410 apud

52 1407 249 1457 Crecam,
266 1421 391 1463 quam
408 1409 461 1447 de
477 1420 599 1447 coena
615 1406 814 1447 hesterna
829 1406 1022 1448 obortam
1044 1408 1383 1466 [autumabant,]
1395 1412 1585 1469 subrepit

50 1465 293 1519 vaegritud03
341 1479 467 1521 quam
501 1463 739 1515 cotidianis,
773 1478 995 1520 quousque
1038 1466 1365 1509 Donecastriam
1405 1471 1583 1523 veniret,

55 1523 252 1564 dolorum
274 1523 444 1564 fovebat
471 1521 724 1576 augmentis.
809 1521 911 1573 Ubi,
935 1537 1031 1564 cum
1054 1522 1231 1565 ulterius
1254 1539 1363 1581 equo
1384 1541 1472 1581 prae
1494 1544 1585 1571 mo..

55 1579 177 1622 lestia
197 1580 399 1637 progredi
421 1595 505 1621 non
537 1588 692 1634 posset,
719 1579 963 1621 Houedene
992 1581 1163 1635 navigio
1185 1581 1403 1635 devectus,
1427 1587 1586 1629 crebris

54 1638 279 1680 anelitibus
296 1638 351 1679 ad
372 1639 533 1679 exitum
551 1638 689 1691 urgeri
707 1637 836 1693 coepit
854 1653 865 1686 3
888 1637 1080 1694 interque
1098 1641 1340 1693 corporales
1357 1645 1585 1699 angustias,

54 1710 160 1752 quas
194 1696 449 1751 perferebat,
489 1704 760 1751 peccatorum
796 1710 966 1752 quoque
1001 1697 1242 1739 recordatio
1282 1700 1584 1745 conscientiam

54 1754 110 1794 ad
145 1753 411 1809 poenitentiae
445 1754 632 1795 lamenta
671 1754 898 1795 salubriter
938 1756 1273 1809 compungebat.
1356 1757 1584 1803 Monachis

54 1819 198 1852 autem
229 1822 360 1854 terras
392 1819 436 1854 et
466 1811 696 1861 libertates,
720 1826 823 1867 quas
846 1811 905 1853 eis
927 1812 1175 1863 abstulerat,
1198 1814 1385 1856 restituit
1400 1831 1411 1864 3
1445 1826 1488 1859 et
1505 1819 1584 1861 hiis

54 1869 195 1911 villam
219 1869 272 1911 de
296 1870 512 1920 Neutona,
537 1884 663 1926 quam
682 1869 861 1924 propriis
883 1869 1122 1924 sumptibus
1144 1880 1321 1923 emerat,
1345 1874 1516 1928 adjecit,
1540 1887 1585 1920 et

54 1936 171 1969 carta
190 1942 267 1969 sua
287 1927 565 1970 confirmavit.
631 1927 917 1969 Haereditates
943 1943 1112 1984 quoque
1134 1938 1177 1970 et
1192 1929 1305 1984 jura,
1329 1931 1588 1986 quibuscun-

51 2000 136 2042 que
159 1985 202 2026 in
228 1985 488 2042 Episcopatu
509 1985 683 2027 abstulit
716 1986 782 2027 vel
804 1985 1042 2036 minoravit,
1065 1986 1238 2041 singulis
1256 1989 1419 2031 restitui
1443 1998 1584 2047 [cum]

54 2043 203 2085 debita
223 2043 586 2100 redintegratione
610 2043 838 2088 mandavit.
891 2043 1024 2085 Jussit
1045 2053 1253 2099 praeterea
1277 2046 1388 2102 Regi
1411 2062 1445 2089 11
1468 2051 1585 2094 mille

54 2115 228 2153 marcas,
266 2117 368 2158 quas
396 2116 474 2157 pro
518 2101 771 2156 Sathbergia
802 2109 846 2143 et
878 2101 970 2142 aliis
1006 2102 1286 2159 dignitatibus
1315 2107 1583 2160 promiserat,

54 2159 186 2201 solvi:
247 2161 357 2202 adeo
398 2160 451 2201 de
491 2159 752 2215 profectibus
792 2173 1082 2201 successorum
1125 2161 1344 2213 sollicitus,
1391 2172 1437 2206 ut
1487 2180 1583 2208 cum

54 2217 276 2268 moriente,
295 2232 422 2275 quarn
444 2217 487 2258 in
502 2217 731 2259 honoribus
752 2217 1024 2274 adquirendis
1045 2230 1210 2273 semper
1230 2220 1431 2273 habebat,
1456 2223 1585 2266 dile&

54 2277 117 2316 tio
153 2278 370 2332 [quoque]
399 2290 485 2316 non
517 2284 756 2317 moreretur
786 2275 1003 2325 ecclesiae3
1037 2275 1080 2317 id
1110 2276 1188 2317 sibi
1213 2286 1461 2333 perpetuam
1484 2296 1584 2323 con-

56 2334 193 2374 ferens
226 2333 270 2374 in
305 2333 490 2383 laudem,
524 2333 641 2390 quod
672 2333 715 2373 in
746 2348 869 2374 usum
900 2333 1066 2375 caeteris
1099 2334 1270 2377 cederet
1292 2339 1606 2392 temporalem„

59 2391 180 2432 Sedit
215 2390 332 2432 annis
372 2404 450 2432 XLI
483 2399 526 2432 et
554 2391 767 2433 mensibus
811 2405 844 2432 11
887 2401 930 2432 et
962 2405 1034 2432 1111
1066 2392 1230 2442 diebus,
1264 2401 1307 2434 et
1337 2395 1583 2451 episcopatu

57 2451 217 2504 optime
250 2448 561 2500 administrato,
596 2463 727 2489 senex
760 2455 802 2489 et
824 2449 973 2503 plenus
995 2448 1158 2489 dierum
1181 2452 1377 2503 excessit,
1401 2453 1506 2495 feria
1522 2469 1582 2506 vl,

58 2520 98 2548 v.
120 2506 221 2548 n'on.
258 2506 420 2556 Martii,
444 2521 554 2547 anno
571 2507 623 2548 ab
642 2506 929 2547 incarnatione
945 2506 1123 2548 Domini
1141 2521 1353 2551 MCXCHII.
1389 2511 1584 2567 Corpore

57 2564 146 2620 ejus
166 2564 428 2606 Dunelmum
442 2564 598 2614 delato,
614 2572 655 2605 et
670 2564 856 2605 nondum
873 2564 1054 2619 sepulto,
1075 2565 1210 2621 Hugo
1229 2567 1429 2609 Bardolvi
1445 2585 1585 2627 saysa-

56 2623 115 2664 vit
129 2622 347 2664 castellum
371 2624 413 2663 in
437 2637 564 2663 manu
584 2622 727 2677 Regis,
747 2621 906 2663 domini
922 2622 1000 2666 sui.
1047 2623 1236 2678 Opidani
1256 2641 1354 2667 vero
1372 2626 1510 2669 claves
1527 2630 1583 2671 ad

55 2679 241 2722 loculum
262 2680 376 2722 beati
392 2681 621 2723 Cuthberti
640 2688 856 2735 ponentes,
874 2680 925 2730 ei,
943 2690 1139 2737 tanquam
1165 2697 1330 2725 summo
1352 2685 1580 2738 defensori,

58 2752 227 2781 omnem
249 2738 523 2794 resignabant
554 2753 715 2789 euram,
740 2738 806 2780 cui
839 2738 916 2794 ipsi
940 2739 1203 2794 permitteret
1226 2741 1424 2798 deinceps
1447 2744 1586 2799 optin-
