1807 2962
194 67 294 115 cciv
489 82 626 129 msT.
649 63 1223 121 DUNFELMJSCRIPTORES
1250 81 1388 113 TRES.

374 399 592 429 CLXXVIII.
628 400 924 428 PERDONACIO
949 399 1153 427 ROBERTI
1177 399 1391 427 MASSHAM
1415 399 1535 427 APUD

786 458 1119 487 LANCASTRIAM.

541 534 655 576 [Cart.
670 535 745 567 ΙΙΙ.
760 534 818 567 fol.
832 537 910 567 230.
926 540 963 568 et
980 536 1076 580 Orig.
1095 536 1123 567 1.
1140 538 1160 567 4
1179 534 1298 579 Regal.
1317 533 1358 567 L.
1379 535 1421 578 1.]

253 614 472 657 Henricus
510 614 594 656 Dei
630 613 772 669 gracia
806 628 883 655 rex
922 613 1090 668 Angliae
1126 621 1170 655 et
1207 612 1400 654 Franciae
1433 620 1476 654 et
1510 613 1719 655 Dominus

195 673 423 715 Hiberniae
459 672 654 713 omnibus
686 671 849 713 ballivis
880 681 924 713 et
956 671 1151 712 fidelibus
1183 672 1266 712 suis
1288 671 1340 712 ad
1364 686 1468 727 quos
1490 682 1719 726 praesentes

143 747 144 750 ¹
191 731 346 773 litterae
378 729 647 786 pervenerint
678 730 871 771 salutem.
936 729 1085 771 Sciatis
1106 730 1221 785 quod
1244 744 1340 770 cum
1364 729 1579 770 Robertus
1602 729 1719 771 Mas-

192 804 281 831 sam
312 789 640 830 commonachus
676 787 832 829 Prioris
855 787 908 828 de
932 787 1165 837 Dunelmo,
1191 802 1267 842 pro
1289 802 1340 828 eo
1362 787 1477 843 quod
1498 802 1583 828 non
1601 787 1719 829 venit

187 859 331 889 coram
364 861 499 902 nuper
533 845 780 888 Justiciariis
817 845 978 886 domini
1014 845 1190 886 Henrici
1220 860 1356 900 nuper
1389 845 1519 901 Regis
1550 845 1720 900 Angliae

189 904 322 962 patris
353 904 502 955 nostri,
536 904 649 959 apud
674 904 979 953 Lancastriam,
1003 903 1057 944 ad
1079 903 1422 958 respondendum
1446 903 1584 944 eidem
1608 903 1720 959 patri

190 972 338 1004 nostro
365 977 490 1018 super
526 961 699 1003 diversis
721 960 906 1003 articulis
928 975 1052 1015 super
1079 960 1214 1016 ipsum
1238 962 1502 1015 praesentatis
1525 962 1636 1003 unde
1658 961 1721 1002 iu-

191 1021 377 1063 dictatus
409 1029 472 1062 est
503 1029 546 1062 et
581 1019 623 1060 in
656 1018 877 1074 exigendis
915 1018 1074 1073 positus
1110 1018 1255 1060 fuisset
1290 1018 1332 1059 in
1369 1020 1571 1061 comitatu
1606 1020 1720 1061 Lan-

191 1079 357 1120 castriae
390 1079 445 1119 ad
473 1078 765 1134 utlagandum,
801 1086 844 1117 et
877 1092 926 1117 ea
952 1076 1172 1118 occasione
1194 1077 1467 1132 postmodum
1492 1078 1718 1132 utlagatus,

188 1137 296 1178 sicut
318 1152 393 1191 per
413 1145 605 1177 tenorem
622 1135 787 1177 recordi
804 1146 847 1175 et
863 1150 1085 1190 processus
1106 1134 1326 1189 utlagariae
1342 1135 1574 1190 praedictae,
1592 1151 1720 1191 quem

188 1209 331 1235 coram
362 1194 481 1235 nobis
514 1193 556 1234 in
596 1192 862 1235 Cancellaria
883 1202 1024 1234 nostra
1045 1193 1190 1235 venire
1211 1193 1401 1243 fecimus,
1426 1193 1549 1248 plene
1571 1193 1716 1249 liquet,

181 1253 357 1308 jamque
390 1252 502 1293 idem
528 1251 742 1293 Robertus
763 1251 945 1307 prisonae
968 1261 1125 1293 nostrae
1151 1251 1410 1293 Lancastriae
1429 1267 1569 1293 coram
1588 1253 1721 1293 Justi-

188 1310 324 1352 ciariis
341 1309 492 1351 nostris
508 1309 666 1351 ibidem
681 1310 903 1351 occasione
918 1310 1125 1365 praedicta
1139 1325 1181 1351 se
1195 1309 1442 1358 reddiderit,
1453 1318 1494 1350 et
1512 1310 1551 1350 in
1568 1310 1717 1351 eadem

189 1377 394 1419 moratur,
428 1368 536 1409 sicut
567 1368 748 1409 dilectus
769 1378 813 1410 et
833 1368 970 1410 fidelis
993 1378 1133 1409 noster
1158 1368 1364 1408 Ricardus
1384 1368 1551 1408 Norton
1575 1383 1651 1409 nos
1675 1368 1716 1409 in

187 1427 344 1468 dictam
369 1426 676 1469 Cancellariam
693 1436 880 1468 nostram
897 1426 952 1467 ad
968 1426 1215 1467 mandatum
1233 1433 1422 1466 nostrum
1440 1426 1688 1467 certificavit
1704 1442 1716 1476 3

190 1485 297 1535 Nos,
336 1484 492 1540 pietate
534 1487 653 1535 moti,
697 1484 1022 1539 perdonavimus
1060 1484 1197 1525 eidem
1238 1484 1429 1525 Roberto
1465 1484 1716 1541 utlagariam

188 1543 436 1598 praedictam
469 1551 512 1585 et
543 1545 707 1585 firmam
736 1558 885 1598 pacem
907 1552 1095 1584 nostram
1117 1542 1156 1583 ei
1180 1541 1278 1583 iude
1301 1541 1585 1583 concedimus.
1651 1542 1717 1584 Ita

186 1612 328 1643 tamen
364 1602 479 1658 quod
508 1610 591 1644 stet
626 1611 744 1642 recto
776 1601 819 1641 iu
848 1602 964 1642 curia
984 1610 1141 1650 nostra,
1164 1599 1196 1640 si
1220 1615 1294 1641 nos
1318 1615 1459 1641 versus
1482 1615 1577 1641 eum
1599 1599 1716 1656 loqui

186 1659 444 1701 voluerimus
467 1660 520 1701 de
543 1659 768 1715 praemissis
787 1675 798 1708 3
821 1667 863 1701 et
884 1658 1005 1700 nobis
1027 1658 1255 1700 satisfaciat
1275 1658 1329 1699 de
1351 1673 1403 1699 eo
1425 1658 1540 1714 quod
1562 1658 1615 1699 ad
1638 1673 1714 1699 nos

186 1718 327 1760 debite
348 1718 533 1772 pertinet
555 1718 596 1758 in
614 1717 692 1758 hac
709 1725 842 1772 parte.
896 1717 944 1758 In
963 1717 1080 1771 cujus
1097 1717 1157 1758 rei
1175 1715 1462 1757 testimonium
1482 1716 1555 1756 has
1572 1715 1715 1757 literas

185 1785 351 1817 nostras
383 1775 475 1816 fieri
508 1775 682 1817 fecimus
715 1783 926 1831 patentes,
991 1775 1124 1815 Teste
1160 1789 1225 1815 me
1258 1774 1348 1828 ipso
1382 1775 1495 1828 apud
1531 1775 1715 1814 Lancas-

183 1833 320 1884 triam,
355 1833 553 1874 vicesimo
574 1833 723 1889 quinto
744 1834 815 1874 die
839 1831 1009 1882 Marcii,
1034 1847 1143 1872 anno
1164 1833 1286 1888 regni
1307 1831 1439 1873 nostri
1456 1831 1655 1874 secundo.

304 2125 488 2154 CLXXIX.
552 2123 610 2150 DE
659 2122 932 2150 INDENTURA
979 2122 1070 2149 PRO
1114 2120 1265 2149 OPERE
1313 2110 1395 2148 IVtae
1436 2121 1593 2148 PARTIS

826 2180 1063 2209 CLAUS'I'RI.

763 2259 857 2301 [Lib.
875 2259 1031 2291 Sacristae
1047 2257 1070 2290 f.
1089 2257 1135 2298 l.]

248 2341 400 2382 Pateat
421 2336 622 2379 universis
643 2350 720 2391 per
749 2343 980 2390 praesentes
1012 2334 1127 2390 quod
1150 2349 1226 2375 nos
1250 2333 1438 2375 Thomas
1462 2334 1709 2390 Hyndeley‚

187 2397 479 2446 cementarius,
521 2394 782 2436 Willielmus
816 2393 869 2433 de
906 2392 1237 2445 Thorneburgh,
1275 2391 1464 2441 clerium,
1495 2392 1711 2433 ,Iohannes

192 2457 434 2510 Percebrig,
476 2454 609 2503 faber,
656 2453 854 2506 Rogerus
896 2451 1005 2506 Elge
1047 2461 1090 2491 et
1132 2449 1391 2491 VViliielmus
1433 2450 1616 2491 Litester
1656 2450 1710 2490 de

189 2515 394 2557 Dunelm.
429 2521 624 2553 tenemur
660 2518 704 2550 et
736 2510 821 2550 fide
854 2508 993 2549 media
1026 2508 1200 2561 obligati
1237 2522 1379 2548 sumus
1410 2507 1646 2548 reverendo
1669 2507 1710 2547 iu

192 2572 364 2614 Christo
405 2569 513 2625 patri
555 2578 598 2610 et
649 2567 825 2609 domino
877 2567 1059 2608 Thomae
1113 2566 1195 2606 Dei
1237 2565 1379 2622 gracia
1434 2564 1710 2606 Dunelmensi

190 2630 420 2684 Episcopo,
457 2627 658 2683 magistro
696 2626 882 2666 Ricardo
921 2624 1071 2673 Holm,
1106 2623 1279 2664 domino
1314 2623 1506 2664 Roberto
1530 2622 1718 2677 Wyeliff

190 2697 233 2727 ct
272 2688 400 2727 Petro
422 2686 474 2726 de
496 2685 639 2740 l'I-Iay,
676 2686 716 2724 in
755 2682 949 2724 ducentis
987 2682 1099 2723 libris
1134 2681 1279 2735 legalis
1317 2691 1498 2722 niouetae
1523 2679 1705 2733 Angliae,

188 2745 400 2785 solvendis
438 2742 595 2784 eisdem
633 2741 866 2783 reverendo
908 2739 1030 2795 patri,
1065 2741 1264 2795 magistro
1303 2738 1499 2787 Ricardo,
1535 2737 1707 2778 domino
