1807 2962
189 121 282 170 xcii
510 135 648 172 HisT.
675 134 914 171 DUNELM.
938 134 1243 173 SCRIPTORES
1264 135 1404 174 TRES.

189 242 378 299 Capituli
407 245 535 285 vestri
565 245 822 300 patentibUS,
856 243 980 287 nobis
1002 261 1056 287 ex
1078 254 1200 301 parte
1221 254 1362 289 vestra
1381 243 1595 291 humiliter
1616 261 1715 307 supa

184 301 410 357 plicarunt,
433 310 495 351 ut,
519 316 613 344 cum
637 302 816 344 ecclesia
836 312 979 344 vestra
998 316 1073 358 per
1095 311 1274 345 moi-‘tem
1299 305 1479 347 Roberti
1500 307 1714 364 quondam

184 359 267 400 loci
300 359 412 400 illius
450 359 653 415 Episcopi
685 360 866 415 pastoris
902 359 955 401 sit
989 360 1147 402 solacio
1183 361 1399 412 destituta,
1433 364 1563 405 alium
1594 365 1714 406 vobis

185 416 371 471 eligendi
406 416 448 457 in
483 417 743 472 Episcopum
776 417 999 459 licenciam
1030 419 1264 461 concedere
1295 419 1597 476 dignaremur:
1620 437 1712 473 nos,

183 473 329 530 igitur,
367 472 561 529 prccibus
597 476 746 516 vestris
782 475 825 516 in
860 475 940 516 hac
975 484 1097 531 parte
1131 476 1420 519 favorabiliter
1455 479 1716 521 condescen-

183 531 348 582 dentes,
371 531 617 586 hujusmodi
638 532 855 574 licenciam
879 533 997 574 vobis
1018 530 1218 575 duximus
1235 534 1575 585 concedendam3
1597 552 1714 579 man-

183 589 334 630 dantes
355 590 472 645 quod
490 590 617 631 talem
639 590 758 631 vobis
780 587 943 645 eligatis
966 589 1007 632 in
1033 591 1291 647 Episcopum
1314 600 1356 634 et
1372 602 1600 648 pastorem,
1624 596 1711 651 qui,

183 646 282 687 Deo
313 647 507 697 devotus,
541 656 585 689 et
605 647 800 702 regimini
822 648 1012 689 ecclesiae
1034 658 1186 691 vestrae
1207 651 1479 702 necessarius,
1503 653 1711 709 nobisque

182 712 226 745 et
241 719 374 758 regno
395 714 539 746 nostro
562 704 673 746 utilis
691 714 733 746 et
754 705 890 746 fidelis
912 706 1081 748 existat.
1136 707 1185 748 ln
1208 708 1326 761 cujus
1348 708 1407 749 rei
1424 709 1712 751 testimonium

183 761 258 802 has
289 761 432 802 literas
460 771 625 804 nostras
647 763 739 804 fieri
761 763 936 805 fecimus
957 772 1165 819 patentes·
1230 765 1363 807 Teste
1395 781 1463 808 me
1484 767 1576 822 ipso
1597 768 1711 824 apud

187 819 436 870 Rochelan’,
460 833 573 862 xvm
597 819 666 862 die
689 817 716 863 J
721 819 817 871 unii,
841 836 952 863 anno
973 823 1097 879 regni
1119 818 1251 864 nostri
1273 820 1514 869 undecimo.

297 1064 419 1091 LXXI.
452 1063 509 1090 AD
536 1062 811 1091 AUDIENDAM
842 1063 1021 1091 CAUSAM
1052 1063 1193 1091 INTER
1225 1065 1352 1092 ADAM
1375 1064 1511 1094 FILBY
1534 1068 1590 1095 ET

296 1121 596 1148 EXECUTORES
634 1117 840 1149 ROBERTI
874 1121 931 1148 DE
971 1118 1137 1149 INSULA
1171 1122 1379 1151 EPISCOPI
1412 1125 1590 1152 DUNEL-

295 1178 460 1206 MENSIS
484 1179 573 1206 PRO
596 1179 794 1206 DEBITIS.
816 1178 1054 1206 MARTINUS
1078 1179 1136 1209 IV.

750 1256 862 1298 [Cart.
879 1256 954 1288 ΙΙΙ.
970 1255 993 1289 f.
1010 1258 1073 1290 190
1090 1256 1140 1298 bs]

232 1333 449 1375 Martinus
480 1334 732 1390 EpiscopuS‚
765 1349 909 1375 servus
939 1345 1156 1376 servorum
1180 1333 1279 1384 Dei,
1303 1332 1461 1376 dilecto
1482 1336 1570 1378 filio
1595 1339 1704 1394 Sup-

174 1391 305 1446 priori
337 1392 526 1434 ecelesiae
558 1392 873 1441 Dunelmensis‚
907 1392 1087 1433 salutem
1121 1399 1163 1433 et
1194 1392 1467 1446 apostolicam
1500 1394 1703 1437 benedic-

173 1450 355 1493 cionem.
419 1451 693 1506 Conquestus
725 1457 788 1491 est
817 1450 940 1491 nobis
972 1448 1172 1506 magister
1208 1449 1345 1490 Adam
1377 1451 1430 1492 de
1463 1452 1612 1508 Fileby
1635 1469 1704 1495 ca-

174 1507 349 1548 nonicus
375 1507 708 1549 Licheseldensis
729 1508 846 1564 quod
866 1507 1068 1561 magister
1093 1507 1307 1548 Robertus
1325 1509 1489 1550 Avenel
1507 1510 1700 1562 clericus,

173 1573 218 1607 et
250 1565 550 1607 Gwischardus
580 1565 634 1606 de
668 1565 862 1607 Charron
884 1566 1021 1615 miles,
1045 1572 1088 1606 et
1108 1564 1177 1605 alii
1201 1564 1500 1607 Dunelmensis
1522 1568 1702 1610 civitatis

174 1631 219 1664 et
240 1622 472 1673 dioceseos,
496 1632 747 1665 executores
768 1623 932 1664 ultimae
958 1622 1202 1664 Voluntatis
1223 1622 1348 1663 bonae
1370 1627 1586 1666 memoriae
1616 1627 1702 1668 Ro-

173 1679 285 1722 berti
315 1681 516 1736 Episcopi
552 1680 868 1730 Dunelmensis,
904 1681 958 1722 de
993 1680 1179 1737 quadam
1219 1681 1412 1735 pecuniae
1452 1698 1616 1725 summa
1657 1694 1700 1726 et

173 1739 297 1779 rebus
328 1739 432 1789 aliis,
466 1738 507 1779 in
539 1740 691 1795 quibus
713 1738 827 1780 idem
850 1739 1102 1794 Episcopus,
1126 1738 1229 1779 dum
1251 1738 1390 1780 adhuc
1411 1739 1586 1792 viveret,
1610 1757 1699 1783 ma-

171 1796 306 1850 gistro
341 1796 567 1838 tenebatur
598 1797 750 1846 eidem,
786 1805 830 1838 et
866 1796 920 1837 de
954 1796 1106 1852 quibus
1136 1810 1212 1850 per
1241 1811 1390 1837 manus
1421 1808 1699 1841 executorum

170 1853 360 1908 ipsorum
382 1853 422 1893 in
444 1869 520 1895 sua
541 1854 690 1895 ultima
711 1854 947 1894 Voluntate
968 1853 1047 1894 sibi
1068 1853 1259 1893 satisfieri
1280 1855 1495 1909 praecepit,
1520 1856 1559 1897 ei
1580 1857 1696 1898 satis-

170 1912 312 1953 facere
343 1910 534 1952 indebite
564 1910 874 1960 contradicunt,
897 1911 997 1952 licet
1019 1911 1073 1951 ad
1095 1910 1139 1950 id
1159 1910 1274 1951 bona
1295 1911 1349 1951 ad
1371 1913 1551 1954 eundem
1576 1915 1697 1969 Epis-

168 1983 324 2023 copum
359 1968 528 2009 racione
564 1983 759 2023 personae
796 1983 884 2008 suae
917 1967 1150 2022 spectantia
1185 1967 1375 2009 sufficere
1405 1969 1694 2023 dinoscantur,

170 2026 369 2081 quocirca
388 2025 633 2066 discretioni
655 2033 740 2066 tuae
763 2040 840 2080 per
861 2024 1109 2080 Apostolica
1129 2024 1286 2080 scripta
1307 2027 1569 2078 mandamus,
1593 2044 1697 2085 qua-

169 2085 296 2133 tinus,
348 2082 538 2138 partibus
589 2082 848 2133 convocatis,
894 2083 1040 2124 audias
1081 2097 1275 2131 causam3
1318 2091 1360 2124 et
1401 2085 1694 2140 appellacione

167 2148 344 2190 remota,
374 2141 510 2180 usuris
542 2140 820 2189 cessantibus,
855 2140 1002 2181 debito
1036 2140 1120 2181 fine
1157 2140 1349 2189 decidas3
1383 2141 1541 2184 faciens
1577 2146 1694 2201 quod

168 2197 439 2239 decreveritis
489 2212 567 2253 per
612 2212 829 2239 censuram
879 2197 1205 2239 ecclesiasticam
1246 2198 1424 2240 firmiter
1464 2201 1691 2244 observari.

171 2254 323 2296 Testes
344 2264 487 2296 autem
509 2255 581 2311 qui
597 2255 756 2296 fuerint
776 2255 997 2305 nominati,
1020 2255 1052 2295 si
1074 2270 1118 2295 se
1142 2255 1290 2309 gratia,
1315 2256 1429 2307 odio,
1452 2258 1520 2299 vel
1542 2259 1693 2301 timore

166 2312 468 2362 subtraxerint,
510 2327 686 2354 censura
726 2312 865 2363 simili,
898 2311 1188 2368 appellacione
1218 2321 1426 2364 cessante,
1466 2317 1693 2370 compellas

166 2370 335 2410 veritati
370 2369 655 2411 testimonium
692 2370 927 2424 perhibere.
991 2370 1107 2411 Data
1142 2370 1257 2425 apud
1283 2370 1443 2414 Vrbem
1469 2373 1687 2426 Veterem,

167 2440 209 2468 Vl
232 2426 324 2469 idus
344 2427 549 2480 Januarii,
572 2428 847 2484 pontificatus
868 2427 1000 2470 nostri
1020 2442 1132 2470 anno
1155 2428 1300 2471 tercio.
