1807 2962
229 83 389 131 ClXXiV
562 102 696 133 HIST.
725 102 960 134 DUNELM·
989 102 1294 135 SCRIPTORES
1319 104 1458 136 TRES.

231 205 478 262 Hagthorp‚
512 208 687 259 clericis,
717 209 1026 253 LichefeldenS.
1052 218 1094 251 et
1117 210 1318 251 Dunelm.
1341 210 1451 252 dioc.
1476 210 1754 253 Postmodum

228 265 381 306 eodem
410 265 478 307 die
511 291 569 298 ——
603 266 646 307 in
672 268 887 322 Hospitali
923 270 979 310 de
1016 267 1260 318 Shireburn‚
1294 269 1336 308 in
1369 269 1550 324 quadarn
1574 284 1751 320 camera,

228 321 366 363 dictus
398 323 598 378 magister
624 325 847 367 Uthredus
870 325 1150 382 personaliter
1171 326 1377 367 accedens
1409 326 1462 367 ad
1484 326 1757 381 praesenciam

228 381 481 422 venerabilis
515 382 644 436 patris
676 384 882 437 praedicti,
916 385 995 426 sibi
1027 379 1225 439 exposuit
1256 384 1478 441 negocium
1501 384 1753 439 praedictum

228 449 272 478 et
307 453 474 480 causam
511 440 719 482 adventus
757 470 810 477 —
842 452 886 484 et
922 442 1033 485 idem
1055 442 1306 483 venerabilis
1326 451 1447 497 pater
1467 443 1756 498 respondebat

228 496 307 536 sub
343 496 423 538 ista
457 497 608 539 forma.
671 505 698 525 ‘⁶
716 499 829 541 Volo
860 500 918 542 ibi
939 501 1157 556 hospitari,
1181 509 1245 541 set
1265 500 1406 556 palam
1426 500 1537 542 facio
1561 500 1754 541 omnibus

227 553 297 594 hic
329 555 609 607 praesentibus
631 557 747 613 quod
768 573 855 599 non
877 568 939 600 est
961 557 1207 600 intencionis
1230 573 1352 609 meae,
1376 573 1456 599 nec
1473 560 1570 609 erit,
1594 557 1755 599 ibidem

226 612 356 666 recipi
372 612 468 667 jure
485 628 582 655 meo
604 614 847 670 Episcopali
864 616 1034 658 racione
1052 615 1304 657 visitacionis
1322 632 1428 657 meae
1444 616 1651 658 faciendae
1672 617 1752 651 —-”

229 669 516 712 Praesentibus
552 695 610 703 —
648 673 840 715 Roberto
871 675 925 716 de
967 674 1352 730 Hemmyngburgh
1383 683 1425 716 et
1461 674 1649 716 Ri-cardo
1698 675 1752 716 de

230 726 389 783 Rypon
411 728 543 771 Ebor.
566 740 610 772 et
632 731 836 774 Dunelm.
861 732 986 774 Dioc.
1009 732 1202 774 testibus.

346 976 442 1006 CLV.
497 976 708 1004 PROVISIO
733 976 910 1004 ULTIMA
931 978 1115 1005 DOMINO
1139 977 1355 1005 ROBER'PO
1380 977 1437 1004 DE
1462 977 1641 1004 WALLE-

345 1035 512 1062 WORTH
557 1035 785 1066 QUONDAM
834 1035 1064 1063 ECCLESIAE
1106 1035 1432 1062 DUNELMENSIS
1474 1036 1635 1063 PRIOR}

345 1092 435 1119 PER
477 1093 688 1120 PRIOREM
730 1093 787 1120 ΕΤ
833 1093 1101 1121 CAPITULUM
1144 1093 1355 1122 EJUSDEM
1397 1094 1539 1121 FACTA
1580 1094 1636 1121 ET

342 1149 583 1181 CONCESSA.

791 1229 895 1274 [neg.
911 1228 962 1263 11.
979 1229 1038 1263 f01.
1054 1231 1132 1265 314.
1146 1230 1198 1271 b.]

285 1307 495 1349 Noverint
531 1308 729 1357 universi,
765 1317 998 1363 praesentes
1030 1307 1171 1350 literas
1212 1307 1452 1363 inspecturi,
1495 1306 1609 1363 quod
1650 1306 1750 1348 licet

224 1366 388 1407 dudum
424 1366 621 1407 dominus
656 1366 870 1408 Johannes
904 1366 958 1407 de
995 1366 1136 1421 Akley
1158 1366 1353 1421 supprior
1373 1365 1563 1407 ecclesiae
1587 1365 1754 1406 Dunel-

222 1424 376 1465 mensis
399 1432 441 1465 et
461 1424 654 1479 ejusdem
678 1423 759 1466 loci
773 1425 1034 1474 Conventus,
1057 1424 1253 1466 Prioratu
1270 1434 1462 1474 vacante,
1481 1423 1753 1464 attendentes

222 1482 387 1524 labores
409 1482 598 1523 assiduos
635 1497 739 1538 quos
777 1483 972 1523 dominus
994 1482 1210 1524 Robertus
1232 1482 1286 1523 de
1313 1482 1594 1531 Walleworth,
1619 1496 1754 1536 quon-

224 1541 321 1581 dam
349 1540 472 1581 Prior
497 1540 624 1581 dictae
647 1541 853 1590 ecclesiae,
888 1541 998 1582 circa
1018 1541 1183 1582 salubre
1203 1541 1394 1595 regimen
1417 1540 1620 1594 ejusdem,
1644 1548 1685 1580 et
1706 1538 1750 1579 in

222 1598 312 1639 aliis
335 1598 480 1639 officiis
501 1598 699 1639 sustinuit
720 1599 940 1649 indefesse,
965 1613 1012 1639 ac
1031 1598 1358 1654 preminenciam
1373 1607 1505 1639 status
1527 1597 1603 1647 sui,
1622 1611 1749 1652 quam

224 1656 266 1696 in
307 1656 423 1698 dicto
454 1656 659 1713 regimine
700 1656 863 1707 habuit,
898 1666 1035 1698 certas
1068 1656 1293 1712 porciones
1333 1656 1579 1697 facultatum
1622 1654 1750 1709 ipsius

223 1714 427 1764 ecclesiae,
465 1729 552 1755 una
587 1729 683 1755 cum
710 1715 884 1756 cameris
921 1724 965 1756 et
1001 1715 1165 1770 capella
1198 1723 1241 1756 et
1263 1714 1352 1755 aliis
1385 1713 1481 1755 vitae
1505 1712 1746 1754 necessariis

221 1771 332 1813 infra
350 1772 514 1814 Cellam
537 1772 590 1813 de
612 1772 834 1829 Fynklfflll,
853 1788 932 1828 pro
955 1773 1267 1814 sustentacione
1289 1773 1523 1813 honorifica
1543 1773 1643 1811 vitae
1661 1786 1748 1811 suae

221 1843 274 1871 ex
299 1830 489 1871 unanimi
505 1845 709 1871 consensu
733 1841 1032 1873 concesserunt
1053 1840 1094 1871 et
1116 1830 1448 1884 assignaverunt,
1473 1829 1525 1870 ad
1548 1829 1747 1884 frequen-

221 1896 310 1929 tem
345 1896 488 1928 tamen
518 1887 766 1929 instanciam
807 1888 973 1941 praefati
1009 1888 1168 1929 domini
1204 1888 1397 1937 Roberfi,
1441 1897 1484 1928 et
1517 1887 1749 1927 amicorum

221 1959 412 1995 suorum,
443 1960 520 1985 nos
548 1945 765 1986 Johannes
793 1945 915 1986 Prior
936 1955 979 1986 et
1005 1946 1250 1987 Conventus
1274 1945 1514 1999 saepedictae
1536 1944 1739 1994 ecclesiae,

221 2003 378 2044 dictam
411 2003 769 2044 sustentacionem
809 2003 850 2043 in
872 2004 1049 2044 formam
1070 2013 1316 2059 sequentem
1338 2003 1535 2043 duximus
1558 2017 1745 2043 commu-

222 2061 422 2109 tandam3
454 2060 650 2101 videlicet
691 2061 820 2116 quod,
865 2070 1057 2102 cessante
1106 2060 1378 2102 concessione
1425 2060 1746 2102 sustentacionis

223 2118 476 2173 supradictae
513 2128 557 2159 et
588 2118 753 2174 penitus
784 2119 1012 2169 annullata,
1045 2119 1202 2160 habeat
1223 2134 1299 2173 pro
1322 2127 1414 2159 toto
1437 2129 1626 2173 tempore
1643 2118 1744 2160 vitae

221 2192 309 2218 suae
332 2177 496 2218 Cellam
513 2186 697 2218 nostram
730 2176 783 2217 de
815 2177 994 2227 Jarowe,
1020 2192 1114 2217 cum
1136 2177 1331 2217 omnibus
1354 2176 1739 2226 commoditatibus,

221 2234 488 2284 aisiamenffls,
511 2242 553 2276 et
568 2234 656 2275 aliis
676 2234 942 2289 pertinenciis
965 2235 1168 2275 universis
1189 2249 1265 2290 per
1286 2234 1481 2276 dominos
1502 2234 1743 2276 Johannem

220 2294 274 2334 de
310 2293 490 2347 Lomley
526 2302 570 2334 et
605 2292 816 2333 Thomam
855 2293 1073 2334 Launsells
1107 2293 1323 2349 quondam
1360 2293 1585 2350 magistros
1616 2292 1743 2332 dictae

225 2351 357 2393 Cellae
378 2350 537 2405 percipi
560 2352 783 2401 consuetis,
800 2366 884 2391 una
904 2366 998 2392 cum
1022 2351 1196 2392 decimis
1214 2352 1439 2405 garbarum
1462 2351 1515 2391 de
1540 2350 1742 2392 Schalde-

216 2408 345 2460 forth,
379 2408 779 2458 Northschirborne,
810 2409 1067 2451 Schirborne
1091 2409 1271 2464 Balyon,
1304 2419 1347 2451 et
1372 2408 1620 2458 Ludwmth,
1644 2423 1741 2449 cum

220 2467 383 2509 duabus
405 2467 554 2508 marcis
576 2466 825 2521 recipiendis
857 2468 910 2508 de
934 2468 1187 2509 tenementis
1209 2467 1251 2507 in
1273 2467 1372 2508 vil-la
1393 2468 1446 2508 de
1468 2468 1622 2516 Jarow,
1646 2481 1741 2522 quae

220 2525 483 2566 Willielmus
518 2525 785 2581 Dryclough‚
824 2526 1038 2566 Robertus
1073 2526 1213 2581 Mody
1249 2534 1292 2566 et
1329 2525 1519 2567 Thomas
1563 2525 1743 2580 Symson

220 2583 348 2624 modo
384 2592 542 2633 tenent,
584 2592 800 2624 reservato
841 2584 1052 2625 scaccario
1085 2595 1229 2624 nostro
1263 2582 1541 2624 Dunelmensi
1573 2582 1741 2623 residuo

220 2641 354 2681 firmae
376 2640 585 2681 dictorum
608 2650 957 2691 tenementorum,
977 2657 1054 2697 pro
1069 2643 1380 2682 sustentacione
1399 2656 1474 2682 sua
1494 2649 1538 2681 et
1559 2640 1738 2680 duorum

218 2700 536 2747 monachorum,
580 2714 684 2754 quos
726 2715 803 2739 nos
828 2699 951 2740 Prior
993 2700 1057 2740 vel
1080 2714 1339 2741 successores
1362 2699 1507 2748 nostrl,
1531 2713 1738 2739 consensu

220 2756 408 2808 ejusdem
475 2756 634 2797 domini
696 2756 889 2807 Roberti,
958 2757 1268 2799 decreverimus
1334 2757 1399 2798 vcl
1480 2755 1741 2797 decreverint
