1807 2962
203 55 452 105 ccclxxxiv
513 71 648 103 Hlsr.
676 69 912 102 DUNELM.
941 70 1249 104 scmrronns
1276 71 1417 105 TRES.

202 177 324 219 cione
362 177 539 219 Domini
575 177 799 219 millesimo
839 176 1115 232 nonagesimo
1157 178 1302 229 tercio,
1334 193 1359 220 a
1391 180 1570 220 transitu
1601 179 1738 235 patris

200 235 427 278 Cuthberti
450 241 583 278 cccmo
601 246 645 278 et
668 241 952 285 vaxxxv11m0,
976 251 1034 276 ex-
1054 251 1140 292 quo
1162 245 1305 278 autem
1331 237 1385 278 ab
1411 238 1584 279 Alduno
1610 239 1732 294 Epis-

198 307 308 348 copo
329 294 622 350 incorruptum
650 294 841 349 ejusdem
870 294 1002 349 patris
1033 308 1184 348 corpus
1213 294 1257 335 in
1291 295 1511 336 Dunelmo
1542 305 1606 337 est
1636 311 1731 351 per-

198 351 334 393 latum
365 353 628 410 octogesimo
658 367 788 402 nono,
813 352 885 408 qui
906 360 970 392 est
1000 366 1135 392 annus
1157 353 1278 407 regni
1299 353 1519 397 Willielmi
1543 353 1737 395 decimus-

198 419 388 461 octavus,
404 425 459 452 ex
480 426 565 467 quo
579 420 720 453 autem
746 410 941 451 Aldunus
964 424 1060 450 cum
1079 410 1245 451 duobus
1269 410 1391 451 sociis
1414 410 1455 451 in
1469 411 1731 465 provinciam

199 467 695 510 Northamhumbrorum
717 479 894 509 venerat
914 467 1119 518 decimus,
1139 467 1407 522 episcopatus
1425 484 1525 510 vero
1546 469 1732 511 Williel-

195 526 254 567 mi
276 527 445 578 tercius,
468 531 582 568 vn¹¹¹⁰
599 526 803 568 kalendas
820 524 950 575 Junii,
965 524 1072 567 feria
1092 528 1189 576 mm,
1214 535 1471 568 memoratus
1495 527 1735 582 Episcopus·

194 585 426 627 monachos
457 600 512 627 ex
544 585 711 627 duobus
742 584 1026 633 monasteriis,
1049 583 1209 625 scilicet
1230 584 1370 625 Jarew
1393 593 1437 625 et
1463 584 1727 636 Warmouth‚

195 643 320 685 simul
352 652 650 700 congregatos,
684 637 726 683 in
758 642 1026 683 Duneimum
1056 641 1277 697 produxit,
1311 642 1480 698 quibus,
1517 646 1626 684 1111to
1658 644 1729 685 die

192 710 305 757 post,
337 702 381 743 in
413 701 505 757 ipso
536 702 606 743 die
636 708 785 743 sancto
818 700 1095 741 Pentecostes
1125 701 1169 741 in
1191 700 1412 742 ecclesiam
1434 701 1566 742 sancti
1593 701 1731 743 Cuth-

194 759 305 801 berti
346 759 575 815 perductiS,
618 758 840 814 apostolici
883 758 1014 813 Papae
1048 757 1284 813 jussionem
1320 773 1396 813 per
1426 759 1727 801 auctoritatem

193 817 310 860 beati
350 818 468 860 Petri
508 817 797 872 apostolorum
839 815 1044 872 principi-s
1084 815 1255 867 factam,
1298 825 1425 872 atque
1461 817 1727 858 excellentis-

193 875 290 917 simi
334 878 445 931 regis
499 875 710 917 Willielmi·
752 875 1032 923 voluntatem,
1073 873 1254 928 populis,
1300 874 1373 930 qui
1418 885 1728 927 convenerant,

193 934 496 978 manifestavit.
584 934 684 982 Quo
719 933 847 982 facto,
884 931 1140 973 beatissimae
1177 931 1265 973 Dei
1306 931 1519 986 genitricis
1555 932 1723 984 Mariae,

192 992 459 1034 sanctissimo
520 1007 598 1033 suo
662 1002 843 1045 patrono
903 989 1159 1040 Cuthberto,
1222 990 1453 1032 monachos
1508 1006 1723 1033 commen-

193 1051 312 1102 dans,
350 1050 574 1092 ecclesiam
610 1049 690 1090 illis
727 1059 769 1090 et
801 1047 897 1089 illos
930 1047 1120 1089 ecclesiae
1153 1048 1428 1092 contradidit.
1495 1049 1580 1092 Eos
1604 1065 1722 1100 vero,

192 1109 265 1164 qui
316 1108 432 1164 prius
475 1107 580 1149 inibi
631 1106 944 1155 habitaverant,
997 1121 1155 1147 nomen
1207 1115 1374 1147 tantum
1420 1107 1722 1149 canonicorum

190 1166 411 1216 habentes,
446 1167 522 1207 sed
560 1169 601 1206 in
635 1165 753 1207 nullo
787 1164 1090 1206 canonicorum
1123 1164 1314 1218 regulam
1351 1175 1586 1221 sequentes,
1610 1181 1722 1221 prae-

192 1224 322 1279 cepit,
355 1233 416 1274 ut,
447 1224 480 1265 si
509 1225 552 1265 in
575 1225 665 1278 ipsa
685 1223 864 1265 ecclesia
888 1222 1074 1264 residere
1096 1222 1268 1273 vellent,
1292 1223 1492 1278 deinceps
1514 1223 1556 1264 in
1574 1240 1721 1266 mona-

192 1282 313 1323 chico
335 1283 556 1338 proposito
577 1297 675 1323 cum
706 1280 927 1323 monachis
956 1281 1085 1322 vitam
1107 1290 1296 1335 agerent.
1355 1282 1412 1322 At
1428 1281 1488 1324 illi
1509 1282 1564 1323 de
1585 1283 1721 1324 eccle-

189 1340 250 1381 sia
281 1341 398 1383 exire
429 1356 556 1397 quam
578 1340 721 1382 taliter
740 1339 964 1397 ingredere
985 1340 1227 1381 maluerunt
1245 1355 1257 1388 3
1290 1349 1445 1394 praeter
1467 1355 1614 1390 unum,
1638 1341 1718 1384 viz,

191 1398 418 1440 Decanum
447 1414 609 1449 eorum,
645 1399 712 1440 cni
749 1413 774 1439 a
805 1398 894 1439 filio
927 1398 1136 1439 monacho
1172 1396 1245 1437 vix
1276 1407 1324 1439 ut
1346 1398 1577 1439 monachus
1599 1400 1719 1440 fieret

186 1456 435 1511 persuaderi
469 1457 644 1513 poterit.
709 1458 893 1511 Propter
928 1457 1044 1512 quod
1076 1455 1230 1497 dicitur
1260 1457 1376 1511 quod
1397 1456 1642 1511 praebendae
1665 1457 1719 1498 de

192 1515 435 1565 Aukeland,
472 1516 743 1570 Derlington,
782 1515 968 1564 Norton,
993 1524 1037 1555 et
1069 1514 1369 1569 Heghington,
1400 1514 1525 1556 factae
1546 1515 1719 1557 fuerunt

185 1581 354 1614 tantum
377 1588 454 1628 pro
476 1573 555 1614 illis
577 1573 808 1624 canonicis,
827 1589 882 1615 ex
904 1572 1146 1627 provisione
1169 1572 1330 1613 domini
1355 1573 1498 1627 Papae,
1524 1583 1569 1614 ut
1589 1573 1719 1614 habe-

184 1640 280 1672 rent
303 1632 416 1672 unde
440 1632 633 1673 viverent
651 1647 726 1672 suo
749 1641 971 1687 perpetuo,
1037 1631 1086 1671 In
1110 1630 1308 1686 cujus-rei
1328 1633 1617 1672 testimonium
1635 1631 1716 1672 hoc

184 1704 372 1744 praesens
393 1691 595 1747 scriptum
617 1690 742 1745 sigilli
765 1690 898 1731 nostri
919 1689 1150 1730 munimine
1167 1697 1229 1730 est
1246 1689 1508 1733 roboratum.
1563 1690 1719 1740 Datus,

186 1757 259 1793 etc.

362 2022 575 2054 CCXCVIII.
611 2023 890 2052 CORRODIUM
915 2024 1175 2052 CHRISTINAE
1198 2024 1533 2055 BLENKHARNE.

690 2121 794 2165 [Reg.
817 2121 885 2154 IV.
903 2121 1003 2153 Parv.
1020 2120 1077 2153 fol.
1094 2123 1136 2153 40
1155 2120 1204 2161 b.]

243 2216 394 2257 Pateat
427 2215 634 2256 universis
670 2229 748 2270 per
783 2224 1016 2269 praesentes
1053 2230 1132 2255 nos
1170 2213 1400 2264 Thomam,
1438 2214 1712 2268 permissione

181 2274 325 2316 divina
358 2274 551 2315 Priorem
583 2273 771 2314 ccclesiae
803 2273 1058 2314 cathedralis
1092 2272 1407 2322 Dunelmensis,
1428 2272 1481 2313 de
1503 2288 1711 2315 consensu

182 2342 226 2374 et
246 2333 462 2373 voluntate
485 2331 743 2372 confr-atrum
762 2340 1018 2381 nostrorum,
1043 2330 1224 2381 dedisse,
1244 2331 1513 2380 concessisse,
1538 2341 1582 2371 et
1603 2332 1712 2374 cari-

181 2390 278 2433 tatis
320 2390 474 2431 intuitu
516 2391 803 2439 confirmasse,
849 2388 1078 2430 Christi-nae
1117 2388 1402 2438 Blenkharne,
1440 2388 1611 2443 puellae,
1655 2390 1710 2431 de

182 2448 416 2498 Dunelmo,
449 2449 557 2489 illud
592 2447 837 2489 corrodium
866 2446 908 2487 in
941 2447 1070 2488 domo
1108 2446 1208 2497 Dei,
1245 2445 1476 2500 vulgariter
1508 2458 1708 2488 vocatum

182 2507 368 2548 Maisien
401 2507 456 2547 de
488 2506 619 2555 Dieu,
658 2505 776 2561 quod
808 2505 1007 2561 qnaedam
1043 2503 1180 2545 Alicia
1211 2504 1384 2545 Ordeur
1405 2519 1542 2560 nuper
1558 2504 1709 2546 habuit

178 2565 222 2609 in
243 2564 407 2614 eadem,
432 2564 533 2605 dum
556 2563 662 2604 vixit
681 2579 692 2612 3
714 2562 960 2604 habendum
976 2572 1017 2603 et
1035 2562 1265 2603 tenendum
1286 2561 1445 2602 (lictum
1465 2562 1707 2603 corrodium

178 2622 369 2677 praefatae
389 2622 618 2664 Christinae
637 2622 690 2663 de
708 2621 831 2662 nobis
847 2629 889 2662 et
907 2619 1220 2662 successoribus
1237 2620 1389 2660 nostris
1406 2620 1459 2660 ad
1479 2620 1706 2661 terminum

180 2681 279 2720 vitae
297 2680 504 2734 ejusdem,
523 2679 582 2720 ita
597 2680 894 2720 habundanter
916 2678 958 2719 in
974 2677 1169 2719 omnibus
1191 2676 1298 2718 sicut
1320 2677 1470 2733 aliquis
1492 2678 1622 2718 frater
1640 2677 1706 2718 vel

178 2751 296 2778 soror
329 2738 520 2792 ejusdem
557 2737 708 2779 domus
741 2736 918 2793 percipit
955 2736 997 2777 in
1033 2735 1248 2791 praesenti.
1311 2735 1378 2777 Ita
1415 2743 1558 2777 tamen
1589 2735 1707 2792 quod
