1807 2962
428 85 703 122 APPENmX.
744 85 862 119 ANN.
893 85 1183 119 mccxxvnn
1481 69 1573 116 lxix

34 197 137 239 τοι-ῖς
168 195 327 238 solacio
360 196 579 238 destituta.
647 195 756 236 Cum
789 204 931 236 autem
960 209 1078 235 mora
1100 195 1142 234 in
1165 192 1318 234 talibus
1342 191 1571 246 plurimum

31 254 217 297 eeclesiis
254 255 307 295 sit
344 255 592 310 dampnosa,
624 252 879 294 fraternitati
913 263 997 293 tuae
1033 267 1106 307 per
1142 251 1376 306 apostolica
1411 249 1569 304 scripta

32 313 295 362 mandamus,
320 313 518 368 quatinus
541 310 649 352 infra
670 311 850 353 duarum
873 310 1080 353 mensium
1100 311 1290 365 spacium
1307 316 1403 363 post
1420 322 1566 363 recep-

29 371 193 412 cionem
217 371 512 426 praesencium,
538 370 580 410 in
602 368 730 424 ipsius
752 369 975 410 eleccionis
996 367 1190 423 negocio,
1207 367 1336 421 juxta
1357 365 1481 407 officii
1505 366 1566 406 tui

29 429 237 479 debitum,
273 428 419 484 previa
439 428 609 469 racione
632 427 850 481 procedaS.
918 427 1048 474 Quod
1070 426 1104 468 si
1125 426 1234 467 forte
1258 425 1365 465 infra
1386 424 1566 479 praedic-

29 495 122 528 tum
159 495 324 541 tempus
360 501 445 527 non
483 485 656 527 duxeris
694 485 1031 539 procedendum,
1055 483 1279 526 eleccionis
1317 483 1492 524 formam
1523 492 1567 523 et

27 558 271 599 processum
292 543 420 599 ipsius
443 544 496 585 ad
519 558 599 584 nos
621 542 711 583 sine
735 542 957 597 dispendio
974 558 1106 583 morae
1123 541 1313 583 remittas
1333 556 1343 590 3
1375 550 1423 582 ut
1440 556 1565 596 super

28 603 109 643 hoc
145 603 261 659 quod
298 603 529 644 secundum
570 601 715 642 Deum
749 601 1026 642 statuendum
1055 600 1282 641 viderimus
1314 608 1561 641 statuamus.

29 660 146 702 Data
182 661 402 712 Laterani,
427 675 470 701 v1
509 659 712 701 kalendas
741 659 947 711 Januarii,
983 658 1253 713 pontificatus
1292 658 1424 699 nostri
1453 672 1564 698 anuo

29 718 266 761 undecimo.

145 958 222 987 LII„
276 959 430 987 BULLA
473 959 700 988 GREGORH
746 960 793 988 IX
835 962 966 989 MISSA
1010 962 1051 992 R.
1097 961 1443 992 SARISBERIENSI

143 1018 364 1045 EPISCOPO
419 1019 476 1045 UT
529 1020 585 1045 AD
636 1020 957 1048 EPISCOPATUM
1001 1021 1351 1049 DUNELMENSEM
1394 1022 1443 1050 SE·

139 1076 473 1104 TRANSFERRET
497 1077 552 1103 ΕΤ
576 1077 830 1105 ECCLESIAM
856 1078 999 1105 ILLAM
1022 1079 1245 1110 TANQUAM
1271 1079 1442 1108 PASTOR.

139 1135 290 1161 BONUS
324 1135 418 1161 TAM
455 1135 503 1161 IN
536 1136 888 1163 SPIRITUALIBUS
912 1136 1044 1168 QUAM
1077 1137 1439 1167 TEMPORAMBUS

140 1193 411 1221 COLLAPSUM
434 1194 492 1219 AD
518 1194 776 1221 PRISTINUM
800 1195 980 1221 STATUM
1005 1195 1288 1223 REVOCARET.

582 1271 697 1313 [Cart.
716 1272 791 1304 111.
811 1272 834 1303 f.
856 1274 928 1305 159.
950 1274 997 1315 u]

82 1348 318 1405 Gregorius
355 1348 605 1404 Episcopus,
630 1365 773 1390 servus
805 1365 1023 1391 servorum
1059 1350 1157 1402 Dei,
1183 1353 1413 1394 venerabili
1437 1354 1556 1396 fratri

27 1406 337 1449 Saresberiensi
360 1407 574 1462 Episcopo
595 1408 869 1462 apostolicam
893 1409 1257 1451 benediccionem.
1326 1412 1555 1455 Eleccione

22 1479 159 1520 nuper
181 1465 293 1507 facta
312 1466 366 1507 de
389 1465 545 1506 dilecto
568 1466 656 1507 filio
686 1466 745 1507 W.
773 1466 1088 1508 Archidiacono
1108 1469 1401 1524 Wigorniensi
1425 1471 1464 1511 in
1488 1487 1557 1512 ec-

20 1523 149 1565 clesia
186 1523 483 1573 Dunelmensi,
507 1539 584 1578 pro
622 1540 673 1565 eo
706 1525 820 1580 quod
855 1533 1111 1580 attemptata
1143 1526 1281 1569 fuerat
1301 1538 1450 1570 contra
1472 1530 1556 1571 sor-

22 1596 134 1622 mam
161 1583 344 1624 Concilii
366 1582 605 1632 Generalis,
622 1582 795 1638 justicia
816 1583 1035 1637 exigente,
1059 1594 1247 1635 cassata3
1280 1602 1357 1628 nos
1379 1588 1555 1642 provide

18 1640 307 1690 attendentes,
331 1640 447 1695 quod
470 1641 798 1696 quanto—eadem
823 1642 1000 1683 ecclesia
1021 1651 1085 1683 est
1107 1642 1313 1700 insignior
1350 1654 1469 1687 tanto
1491 1656 1556 1688 est

18 1698 248 1739 notabilior
279 1698 417 1752 lapsus
449 1698 555 1752 ejmz,
577 1698 631 1739 de
663 1700 943 1754 reparacione
972 1701 1063 1755 ejus
1094 1702 1230 1743 coacti
1252 1718 1395 1744 sumus
1427 1705 1555 1746 anxie

16 1757 222 1810 cogitare.
285 1756 396 1796 Cum
431 1756 545 1797 enim
582 1757 659 1798 sub
696 1756 846 1798 umbra
870 1758 1096 1799 Pastorum
1132 1760 1335 1815 prodigos
1357 1762 1556 1805 habuerit

16 1815 286 1869 dispersores,
310 1814 380 1870 qui
404 1829 488 1855 non
509 1814 644 1855 solum
667 1828 804 1856 errata
825 1817 1037 1871 corrigere
1065 1817 1132 1858 vel
1149 1818 1337 1873 dispersa
1353 1820 1554 1876 colligere

17 1887 101 1913 non
134 1881 348 1922 curarunt,
371 1873 461 1923 sed,
485 1887 563 1913 nec
598 1873 694 1914 lana
730 1889 809 1915 nec
846 1874 955 1916 lacte
978 1877 1186 1926 contenti,
1212 1878 1345 1932 pelles
1368 1879 1553 1935 desuper

17 1930 179 1972 ossibus
201 1930 497 1986 dissipatarum
521 1930 664 1972 ovium
681 1931 920 1986 rapiebant,
944 1933 1128 1975 lacerato
1148 1950 1280 1990 grege
1303 1937 1549 1990 Dominico,

19 1989 169 2030 eadem
191 1989 370 2030 ecclesia
390 1989 577 2044 graviter
599 2001 662 2029 est
680 1989 721 2029 in
744 1990 1032 2045 spiritualibus
1055 1992 1294 2035 deformata
1315 2005 1359 2036 et
1381 1996 1421 2037 in
1447 2005 1552 2038 teme

19 2047 235 2101 poralibus
256 2047 479 2091 diminuta.
548 2047 691 2095 Quare
713 2047 932 2102 cupientes
954 2049 992 2091 ei
1015 2050 1067 2091 de
1090 2050 1247 2093 idoneo
1263 2054 1551 2109 gubernatore

17 2106 251 2156 consulere,
275 2105 347 2161 qui
369 2105 555 2160 dampna
577 2106 782 2160 praeteriti
806 2107 1024 2161 temporis,
1046 2108 1235 2150 Domino
1253 2112 1393 2163 dante,
1413 2129 1548 2153 resar-

16 2163 145 2213 ciens,
168 2163 355 2220 requirat
375 2164 490 2219 quod
512 2163 709 2218 perierat,
730 2164 845 2220 quod
863 2174 926 2205 est
949 2166 1162 2220 abjectum
1179 2169 1370 2219 reducat,
1389 2180 1433 2212 et
1449 2186 1549 2212 con-

15 2221 169 2262 solidet
190 2222 304 2276 quod
326 2221 538 2262 infirmum
559 2236 570 2270 ς
594 2231 636 2262 te
659 2221 737 2277 ipsi
758 2222 948 2263 ecclesiae
969 2224 1230 2278 providimus
1252 2226 1294 2267 in
1319 2238 1546 2281 pastorem,

15 2293 90 2333 spe
113 2279 234 2319 nobis
256 2279 473 2333 proposita
493 2279 609 2335 quod
626 2279 707 2330 ille,
732 2280 804 2335 qui
825 2281 931 2321 dans
954 2280 1129 2323 xirtutes
1152 2285 1326 2338 praemia
1347 2285 1551 2340 elargitur

15 2336 183 2377 virtutis
215 2346 300 2377 tuae
332 2338 482 2378 merito
504 2336 725 2377 ecclesiam
748 2338 882 2391 ipsam
904 2338 945 2378 in
969 2348 1123 2379 statum
1147 2349 1190 2381 et
1211 2341 1418 2384 honorem
1441 2346 1548 2398 pris-

15 2394 153 2436 tinum
183 2394 461 2442 restaurabit3
495 2394 624 2434 immo
661 2406 705 2435 et
734 2404 855 2448 grata
875 2395 1172 2450 multiplicabit
1193 2399 1236 2438 in
1258 2400 1546 2453 spiritualibus

16 2462 60 2494 et
82 2452 386 2508 temporalibus
410 2452 686 2493 incrementa.
752 2453 862 2493 Cum
884 2452 1013 2509 igitur
1034 2455 1150 2509 quod
1171 2471 1196 2496 a
1217 2457 1337 2498 nobis
1360 2468 1425 2500 est
1447 2476 1546 2501 cum

15 2511 326 2552 deliberacione
358 2508 571 2565 provisum
609 2517 649 2550 te
681 2509 831 2550 deceat
857 2510 1074 2552 humiliter
1095 2523 1327 2568 acceptare,
1351 2517 1547 2559 fraterni-

15 2568 191 2609 nitatem
215 2577 329 2609 tuam
354 2582 563 2624 rogamuS,
589 2582 820 2617 monemus,
837 2577 880 2609 et
900 2568 1121 2610 hortamur
1137 2581 1300 2614 attente
1315 2591 1391 2630 per
1410 2578 1546 2632 Apos-

16 2627 145 2668 tolica
167 2626 243 2668 tibi
265 2626 433 2681 scripta,
459 2625 502 2665 in
524 2624 679 2666 virtute
707 2625 887 2680 Spiritus
912 2628 1070 2677 Sancti,
1091 2630 1168 2670 sub
1190 2631 1447 2675 obedientiae
1469 2637 1543 2677 de-

15 2684 118 2734 bito,
142 2684 332 2727 districte
363 2682 653 2739 praecipiendo
686 2684 936 2726 mandantes
959 2694 1002 2726 et
1024 2687 1282 2730 obtestantes
1307 2706 1382 2746 per
1403 2710 1545 2749 asper-

16 2742 176 2784 sionem
205 2743 420 2798 sanguinis
454 2742 553 2784 Jesu
582 2741 753 2791 Christi,
777 2743 975 2796 quatinus
1008 2743 1248 2800 hujusmodi
1272 2751 1389 2791 oneri
1413 2752 1487 2794 tibi
1519 2770 1544 2795 a

745 2814 769 2839 E
802 2803 828 2840 3
