1807 2962
187 109 326 156 Fxxxii
496 115 630 157 fusT.
657 122 893 155 DUNELM.
922 121 1229 156 SCRIPTORES
1255 121 1396 154 Tuus,

191 230 409 285 religiosos
431 230 619 286 ejusdem
643 229 876 271 Dioceseos
901 229 1115 279 ordinare,
1139 236 1184 270 et
1215 227 1257 269 in
1282 228 1563 270 Dunelmensi
1584 230 1721 273 eccle-

195 288 257 329 sia
276 290 427 330 crisma
447 289 671 338 conficere,
696 303 745 329 ac
767 287 1001 329 eorundem
1026 286 1189 328 Prioris-
1206 294 1248 326 et
1265 286 1568 328 monachorum
1584 289 1721 329 eccle-

195 346 276 387 sias
297 346 509 396 dedicare,
533 346 566 386 si
587 346 639 387 ab
661 345 817 386 eisdem
849 344 977 386 fuerit
1008 343 1259 399 requisitus3
1291 343 1353 385 ita
1373 352 1514 386 tamen
1537 346 1651 402 quod
1674 346 1718 387 in

194 404 414 445 ordinibus
450 418 620 444 manum
654 402 910 443 secularibus
944 402 1104 443 clericis
1139 416 1224 442 non
1256 401 1462 457 imponat.
1528 403 1576 444 In
1601 404 1721 458 cujus

194 461 255 502 rei
291 461 577 503 testimonium
611 460 888 515 praesentibus
924 459 1058 501 literis
1100 459 1284 513 sigillum
1317 469 1508 502 nostrum
1544 461 1720 502 fecimus

195 519 366 574 apponi.
428 519 557 560 Datae
587 518 702 573 apud
725 518 1000 568 Dunelmum,
1024 516 1094 558 die
1119 517 1378 570 Palmarum,
1401 533 1513 560 anno
1548 519 1721 574 pontifi-

195 585 314 619 catus
336 577 467 619 nostri
487 585 657 633 quarto.

314 816 434 846 LXVI.
470 816 621 844 BULLA
645 814 916 843 INNOCENTII
942 814 1012 842 1111
1033 815 1090 841 DE
1110 815 1379 842 PRIVILEGIO
1403 814 1606 842 SPECIAM

314 874 475 902 PRIORI
530 874 753 902 CONCESSO
809 873 978 900 LIBERE
1032 873 1312 900 DISPENSARE
1366 873 1462 900 CUM
1509 872 1606 911 SUIS

316 932 460 959 SUPER
480 931 822 959 OBSERVACIONE
840 930 1147 958 STATUTORUM
1171 931 1227 957 ET
1250 920 1606 958 PRAECEPTORUR&

317 990 420 1021 QUAE
457 990 553 1017 NON
591 990 708 1016 SUNT
748 988 805 1015 DE
845 988 1131 1016 OBEDIENTIA
1165 978 1362 1015 REGULAE
1385 989 1441 1015 ET
1464 988 1608 1015 ETIAM

317 1047 488 1075 LIBERE
513 1047 774 1074 ABSOLVERE
798 1047 856 1073 DE
880 1046 1045 1073 EORUM
1067 1046 1488 1076 TRANSGRESSIONE.

799 1122 912 1160 [Cart.
928 1124 957 1155 1.
974 1123 997 1155 f.
1019 1125 1060 1155 13
1077 1124 1125 1167 u]

269 1200 541 1242 Innocentius
579 1201 830 1256 Episcopus,
870 1216 1013 1243 servus
1057 1216 1272 1243 servorum
1312 1200 1409 1251 Dei,
1448 1201 1605 1243 dilecto
1638 1202 1729 1243 filio

200 1259 340 1300 Priori
374 1258 627 1299 Monasterii
651 1259 967 1310 Dunelmensis‚
990 1259 1148 1301 ordinis
1174 1259 1318 1301 Sancti
1354 1260 1590 1310 Benedicti,
1615 1260 1727 1301 salu-

201 1325 289 1357 tem
326 1326 370 1357 et
407 1316 681 1371 apostolicam
715 1317 1074 1361 benedictionem.
1140 1317 1209 1358 Ex
1245 1326 1366 1372 parte
1403 1328 1475 1358 tua
1503 1317 1583 1358 fuit
1605 1317 1726 1359 nobis

198 1373 416 1415 humiliter
452 1374 746 1428 supplicatum,
772 1383 832 1424 ut,
855 1390 950 1416 cum
983 1375 1257 1416 observancia
1289 1375 1348 1416 tui
1370 1376 1527 1416 ordinis
1549 1376 1602 1417 ab
1634 1376 1729 1430 ipsa

203 1431 267 1473 sui
289 1431 558 1473 institucione
581 1433 759 1473 multum
798 1433 850 1473 sit
871 1433 1008 1487 rigida
1035 1442 1077 1474 et
1098 1433 1277 1473 difficilis
1300 1433 1353 1473 ad
1375 1432 1612 1483 ferendum,
1637 1434 1730 1474 fue·-

200 1489 369 1545 rintque
392 1490 662 1543 postmodum
687 1505 764 1544 per
799 1490 931 1531 felicis
955 1490 1265 1531 recordacionis
1293 1490 1348 1533 G.
1378 1490 1536 1545 Papam
1560 1492 1729 1546 praede-

201 1562 413 1588 cessorem
433 1555 639 1596 nostrum,
661 1558 704 1588 et
726 1548 931 1603 quosdam
955 1548 1069 1598 alios,
1095 1557 1180 1589 tam
1202 1547 1452 1589 auctoritate
1474 1548 1583 1590 sedis
1606 1564 1732 1604 apos-

203 1605 359 1655 tolicae,
393 1620 519 1661 quam
557 1606 796 1662 legatorum
833 1605 977 1661 ipsius,
1002 1606 1279 1660 superaddita
1315 1614 1476 1647 statuta
1511 1606 1656 1663 gravia
1686 1615 1730 1648 et

201 1672 431 1718 praecepta,
455 1663 715 1704 diversarum
738 1678 959 1718 poenarum
978 1663 1215 1718 adjectione
1238 1663 1416 1712 vallata3
1439 1679 1492 1705 ne
1514 1664 1733 1719 contingat

205 1721 282 1761 sub
305 1720 433 1761 tantis
455 1720 652 1762 oneribus
675 1722 857 1762 deficere
879 1730 1076 1762 oneratos
1099 1721 1324 1776 providere
1340 1737 1468 1777 super
1488 1722 1570 1763 hoc
1591 1733 1734 1777 pater-

204 1794 262 1819 na
282 1778 567 1820 sollicitudine
596 1793 855 1829 curaremus,
890 1780 1159 1820 attendentes
1181 1780 1310 1833 igitur
1331 1780 1445 1835 quod
1469 1780 1643 1835 expedit
1665 1795 1734 1821 ca-

204 1836 361 1877 lamum
393 1845 635 1892 quassatum
671 1851 757 1877 non
789 1836 965 1886 conteri,
989 1845 1032 1878 et
1061 1838 1103 1877 in
1125 1837 1314 1878 erasione
1336 1838 1519 1891 eruginis
1544 1853 1615 1880 vas
1647 1853 1733 1879 non

206 1894 357 1947 frangi,
380 1894 623 1935 devocionis
661 1902 747 1935 tuae
783 1895 979 1949 precibus
1015 1894 1216 1945 inclinati,
1241 1895 1493 1936 auctoritate
1527 1896 1603 1936 tibi
1625 1911 1735 1950 prae-

209 1952 395 1992 sencium
428 1951 627 1992 duximus
658 1953 996 2003 concedendum,
1030 1961 1077 1993 ut
1107 1968 1235 2008 super
1269 1953 1570 1995 observacione
1602 1963 1736 1995 statu-

210 2017 351 2049 torum
375 2017 415 2050 et
438 2019 748 2064 praeceptorum
786 2010 989 2065 ipsorum,
1013 2026 1109 2066 quae
1131 2011 1185 2052 de
1208 2019 1293 2052 tuae
1315 2011 1555 2052 substancia
1575 2012 1734 2069 regulae

209 2081 296 2106 non
328 2067 528 2116 existunt,
562 2076 607 2107 tu
640 2083 688 2108 ac
720 2083 980 2110 successores
1015 2068 1075 2109 tui
1108 2084 1204 2109 cum
1239 2068 1490 2110 Monasterii
1522 2069 1584 2110 tui
1625 2070 1738 2124 ejus-

211 2139 295 2179 que
332 2125 616 2165 membrorum
653 2126 868 2166 monachis
890 2126 1167 2179 praesentibus
1189 2134 1232 2167 et
1266 2126 1417 2167 futuris
1448 2126 1581 2181 possis
1603 2127 1734 2168 libere

211 2182 453 2236 dispensare
473 2198 482 2230 3
535 2182 614 2222 hiis
655 2183 822 2225 casibus
864 2184 1075 2225 duntaxat
1116 2184 1306 2238 exceptis
1343 2199 1469 2238 super
1505 2184 1654 2240 quibus
1692 2185 1733 2226 in

211 2240 361 2280 eadem
387 2239 533 2294 regula
554 2249 615 2281 est
638 2241 902 2296 dispensacio
935 2242 1189 2291 interdicta3
1223 2242 1263 2282 in
1286 2241 1437 2297 quibus
1459 2242 1622 2284 casibus
1654 2243 1738 2283 dis-

211 2297 419 2352 pensandi
455 2312 580 2352 super
616 2299 751 2353 poenis
772 2299 946 2356 adjectis
967 2309 1008 2342 et
1045 2299 1435 2354 irregularitatibUS,
1459 2315 1562 2355 quas
1579 2300 1736 2342 subditi

212 2357 274 2396 tui
297 2355 498 2395 hactenus
531 2357 798 2398 incurrerunt
821 2358 887 2398 vel
919 2359 1133 2399 incurrent
1163 2358 1217 2399 de
1240 2366 1394 2407 cetero,
1420 2372 1577 2414 eosque
1600 2359 1738 2399 absol-

211 2413 338 2454 vendi
360 2413 413 2453 ab
435 2413 646 2454 interdicti
669 2414 952 2469 suspensionis
984 2425 1056 2456 aut
1074 2414 1530 2457 excommunicacionis
1553 2417 1737 2466 vinculo,

213 2486 298 2526 quo
329 2470 438 2525 ipsos
471 2471 526 2512 ob
558 2474 933 2526 transgressionem
965 2474 1268 2528 praedictorum
1302 2481 1557 2514 statutorum
1582 2473 1738 2515 involvi

213 2528 404 2582 contigit,
429 2529 495 2569 vel
510 2530 744 2583 continget,
768 2530 957 2586 injuncta
973 2532 1030 2572 sic
1052 2531 1253 2573 absolutis
1276 2531 1531 2586 poenitencia
1551 2531 1736 2582 salutari,

213 2586 348 2626 libera
368 2585 420 2626 sit
443 2585 519 2626 tibi
540 2586 705 2642 tuisque
726 2589 1036 2630 successoribus
1073 2591 1126 2631 de
1150 2598 1293 2630 nostra
1313 2588 1586 2643 permissione
1606 2589 1739 2630 facul-

212 2651 290 2683 tas.
355 2643 575 2697 Suppriori
595 2645 890 2686 nichilominus
914 2655 1002 2696 tuO,
1023 2662 1071 2688 ac
1093 2647 1220 2702 ipsius
1242 2648 1563 2697 successoribus,
1587 2657 1740 2688 conce-

214 2700 342 2741 dendi
377 2701 465 2749 tibi,
489 2700 657 2756 tuisque
691 2703 1014 2754 successoribus,
1039 2705 1282 2760 hujusmodi
1313 2705 1643 2761 dispensacionis
1667 2706 1741 2746 be-

214 2757 421 2808 neficium,
446 2757 477 2799 si
500 2767 785 2813 opportunum
807 2761 946 2812 suerit,
986 2761 1269 2818 indulgenteS,
1304 2778 1381 2819 per
1410 2763 1575 2806 easdem
1599 2763 1751 2806 literas-
