1807 2962
453 142 727 176 APPENDIX.
757 141 877 175 ANN.
907 142 1154 174 mcccmx.
1444 128 1592 176 cxxiii

76 266 284 302 tractatus
306 258 419 314 pacis
433 259 513 301 sibi
529 259 663 301 indies
685 257 1008 314 promittebant,
1027 257 1082 299 ad
1104 263 1236 298 status
1258 256 1420 311 plistini
1442 257 1601 313 aliqua-

74 318 124 359 lis
147 317 375 359 essenciam
392 317 541 373 respii
529 332 628 366 are3
650 317 848 374 dignetur
861 325 1003 358 vestra
1015 314 1217 356 sanctitas
1232 313 1355 355 dictis
1376 314 1598 371 religiosiS,

74 390 255 440 quorum
277 375 499 417 facultates
521 375 577 417 ad
597 389 745 416 eorum
767 373 1123 416 sustentacionem
1145 381 1189 414 et
1210 372 1292 415 alia
1308 386 1439 414 onera
1458 387 1604 413 neces-

73 448 181 475 saria
200 433 492 488 supportanda
512 448 598 474 non
621 441 852 488 suppetant
872 431 953 473 hiis
975 430 1137 480 diebus,
1159 445 1239 472 nec
1260 430 1413 471 futuris
1435 439 1600 485 tempo-

71 491 186 533 nibus
201 498 424 546 sperantur
437 500 676 546 suppetere
684 505 739 531 ne
756 489 917 531 dictum
936 488 1277 531 Monasterium
1267 503 1309 528 m
1324 487 1603 529 desolacionis

71 548 355 604 irreparabilis
376 558 526 605 vergat
548 547 837 613 opprobrium,
862 547 1083 589 ecclesiam
1104 545 1392 602 parochialem
1423 545 1477 587 de
1512 545 1605 586 He-

70 607 270 661 mlngbiu
271 606 341 661 gh,
359 606 638 648 Eb01acensis
656 605 888 656 dioceseos,
908 604 975 646 vel
991 605 1131 655 aliam,
1155 604 1276 659 cujus
1298 612 1398 645 sunt
1416 602 1601 669 patroni,

73 664 325 714 concedere,
351 664 405 705 ad
419 664 693 706 relevandam
716 678 791 705 eor
794 678 864 704 um
886 663 1087 717 inopiam,
1110 663 1153 703 in
1173 677 1272 703 usus
1294 661 1488 717 proprios
1509 675 1604 715 per-

72 730 204 778 petuo
242 722 554 788 possidendum,
579 722 648 763 vel
682 722 834 776 ipsum,
868 720 901 761 si
931 721 1072 776 placet
1103 728 1284 775 paterna
1302 718 1602 774 compassionis

75 779 207 821 oculis
228 795 304 821 sua
323 779 525 822 sanctitas
545 779 873 844 contempletur,
903 778 1040 820 eidem
1064 778 1117 820 de
1139 778 1282 834 aliquo
1304 775 1603 819 subvencionis

76 837 277 890 remedio,
300 846 428 894 prout
449 853 537 880 suae
558 836 770 880 sanctitati
791 836 998 894 placitum
1015 836 1111 887 erit,
1135 835 1372 892 providere.

343 1080 430 1109 CIV.
463 1079 727 1108 MANDATUM
752 1080 810 1107 AD
834 1079 1065 1108 ORANDUM
1092 1081 1181 1108 PRO
1206 1080 1343 1108 REGE.

660 1157 764 1201 [neg.
782 1157 834 1190 11.
851 1156 875 1189 f.
895 1159 948 1189 64.
966 1157 1017 1200 b.]

142 1233 400 1284 Ludovicus,
423 1233 698 1289 permissione
738 1233 898 1275 Divina
933 1233 1240 1275 Dunolmensis
1271 1233 1523 1289 Episcopus,
1547 1234 1610 1275 di-

79 1292 200 1334 lectis
235 1292 330 1333 filiis
367 1291 504 1333 Priori
540 1300 582 1333 et
607 1291 847 1333 Conventui
872 1291 1075 1333 'ecclesiae
1103 1300 1263 1332 nostrae
1286 1292 1608 1342 Dunolmensis‚

82 1350 276 1400 salutem,
315 1349 501 1404 graciam
538 1358 582 1390 et
616 1349 978 1391 benediccionem.
1071 1349 1328 1391 Mandatum
1360 1350 1611 1391 venerabilis

81 1408 213 1464 patris
250 1417 292 1449 et
328 1407 490 1448 domini
528 1407 754 1448 Willielmi
789 1407 873 1449 Dei
895 1407 1038 1462 gracia
1059 1406 1341 1449 Eboracensis
1367 1407 1612 1462 Archiepis-

84 1467 198 1521 copi,
226 1465 393 1520 Angliae
415 1464 620 1520 primatiS,
643 1464 878 1520 recepimus
899 1467 943 1506 in
966 1465 1034 1506 hae
1056 1466 1201 1507 verba.

148 1523 409 1574 WillielmuS,
428 1522 702 1578 permissione
739 1522 883 1565 divina
911 1523 1197 1564 Ebmacencis
1236 1522 1608 1579 Archiepiscopus,
1641 1530 1647 1532 ‘

85 1581 256 1646 Angliae
287 1581 459 1636 primaS,
482 1580 713 1622 venerabili
740 1580 858 1622 fratri
880 1590 1027 1622 nostro
1050 1581 1222 1622 domino
1245 1580 1502 1631 Laurencio,
1527 1581 1615 1622 Dei

83 1638 229 1705 gracia
250 1638 536 1680 Dunolmensi
558 1639 788 1693 Episcopo,
813 1639 1007 1688 salutem,
1037 1647 1082 1679 et
1102 1639 1365 1680 fr'aternam
1355 1654 1397 1680 in
1422 1638 1613 1680 Domino

84 1697 318 1740 caritatem.
353 1696 425 1738 Ad
441 1696 698 1751 populorum
719 1696 910 1752 regimen
926 1705 969 1738 et
983 1696 1160 1738 tutelam
1181 1696 1427 1738 constitutae
1449 1704 1548 1738 sunt
1569 1698 1613 1738 in

85 1755 189 1797 orbe
213 1762 434 1804 terrarum,
449 1755 502 1795 ab
522 1754 587 1795 Eo
605 1769 681 1808 pel
695 1769 823 1810 quem
840 1769 962 1808 ieges
980 1762 1161 1808 regnant
1183 1763 1227 1795 et
1248 1754 1458 1809 principes
1479 1756 1614 1810 impe-

85 1820 197 1862 lant,
214 1826 370 1877 ‘regum
391 1820 436 1853 et
457 1811 694 1866 principum
724 1819 972 1866 potestates,
995 1821 1050 1853 ut
1076 1812 1119 1852 in
1147 1812 1190 1852 in
1211 1813 1331 1878 virga
1350 1812 1546 1869 equitatis
1569 1821 1613 1855 et

79 1870 264 1935 justiciae
281 1870 489 1925 populos'
479 1884 591 1925 1psos
605 1879 767 1924 legant,
784 1878 826 1911 et
846 1869 888 1910 in
911 1870 1215 1926 tranquillitate
1237 1871 1351 1924 pacis
1372 1870 1615 1912 custodiant

88 1927 170 1969 sibi
205 1927 395 1969 subditas
432 1928 642 1977 naciones,
668 1927 839 1969 Christo
861 1928 1153 1969 universorum
1175 1928 1366 1979 domino,
1389 1928 1461 1984 qui
1491 1926 1617 1982 justi-

87 1985 197 2027 ciam
219 1985 358 2042 diligit
390 1994 434 2026 et
456 1985 597 2026 vultus
633 1986 722 2040 ejus
744 1985 913 2040 inspicit
934 1985 1178 2041 equitatem,
1202 1985 1373 2040 regibus
1397 1995 1440 2027 et
1460 1986 1616 2040 princi-

87 2044 214 2099 pibus
247 2043 344 2098 ipsis
378 2043 433 2084 ad
455 2042 685 2084 vindictam
707 2043 928 2094 malorum,
952 2044 1123 2085 laudem
1146 2059 1246 2085 vero
1269 2045 1493 2094 bonorum,
1519 2060 1621 2086 exe-

88 2100 304 2143 cntionem
350 2101 593 2156 temporalis
641 2100 770 2155 gladii
816 2101 1125 2146 committente.
1215 2102 1347 2144 Unde
1396 2116 1494 2143 cum
1529 2117 1619 2143 non

88 2158 168 2200 nisi
204 2174 259 2201 ex
283 2159 380 2200 Deo
412 2174 533 2214 reges
564 2167 745 2214 regnent
766 2167 809 2200 et
831 2158 1040 2214 principes
1062 2159 1348 2210 dominentur,
1371 2159 1413 2200 in
1437 2174 1620 2216 quorum

90 2232 196 2272 pace
217 2217 396 2258 ecclesia
425 2219 590 2272 regitur
612 2226 655 2258 et
676 2217 855 2258 ministri
883 2217 1152 2259 ecclesiastici
1174 2226 1472 2272 proteguntur,
1498 2225 1618 2259 tanto

89 2275 334 2330 prompcius
384 2289 463 2330 pro
503 2283 617 2316 statu
656 2274 897 2330 principum
938 2275 1246 2316 catholicorum
1285 2282 1455 2316 tenetur
1495 2290 1617 2316 orare

93 2332 283 2396 ecclesia,
307 2341 467 2388 quanto
501 2334 545 2373 in
577 2347 724 2373 eorum
757 2333 1006 2373 turbacione
1033 2333 1401 2387 periculosioribus
1423 2332 1621 2387 procellis

93 2389 324 2444 supposita,
347 2390 500 2455 quibus
536 2399 574 2431 t1
577 2389 849 2445 anquillitatis
884 2389 1028 2444 gracia
1047 2390 1331 2446 gaudentibus
1353 2389 1620 2431 liberi01ibus

50 2491 54 2493 ἢ
94 2447 254 2489 arridet
296 2447 505 2496 tentoriis,
537 2455 580 2487 et
615 2447 930 2503 gubernacione
966 2448 1144 2501 pacifica
1179 2456 1352 2488 tuentur
1380 2448 1622 2512 prosperius

90 2507 192 2562 jura
227 2506 331 2561 ejus.
396 2504 708 2545 Convertentes
739 2504 881 2560 itaque
903 2505 1078 2546 oculos
1069 2520 1111 2544 m
1132 2504 1445 2546 serenissimum
1465 2505 1623 2560 princi-

99 2577 198 2618 pem
247 2561 467 2603 dominum
517 2569 722 2612 nostrum,
765 2562 984 2603 dominum
1037 2562 1310 2612 Edwardum,
1354 2563 1440 2604 Dei
1478 2563 1624 2619 gracia

95 2635 240 2675 legem
275 2620 444 2674 Angliae
479 2619 698 2670 illustrem,
732 2619 892 2661 Divina
926 2619 1202 2675 providencia
1240 2620 1516 2685 praepositum
1556 2636 1622 2663 re-

96 2677 245 2743 gimini
280 2677 427 2743 populi
462 2677 564 2728 Dei,
588 2677 675 2734 qui,
698 2692 776 2732 pro
809 2677 1118 2734 tranquillitate
1155 2687 1198 2720 et
1241 2678 1468 2720 securitate
1500 2678 1622 2736 legni

100 2751 178 2785 sui,
197 2735 253 2776 ad
273 2735 478 2777 furiosum
492 2735 697 2791 impetum
717 2736 964 2778 Scottorum
985 2736 1111 2791 hujus
1132 2737 1252 2792 regni
1273 2744 1315 2778 et
1336 2736 1526 2778 ecclesiae
1548 2737 1622 2778 ad-

101 2792 380 2837 versariorum
408 2793 630 2837 rebellium
660 2794 1046 2851 compescendum
1036 2809 1222 2851 ipsorum
1242 2803 1622 2852 praesumptuosam
