1807 2962
695 120 972 153 APPENDIX.
1510 121 1595 153 CXV

58 228 170 272 infra
200 228 507 286 Episcopatum
545 228 885 271 Dunolmensem
916 227 1077 269 habere
1108 225 1304 267 solebant
1340 233 1384 267 et
1405 226 1592 280 gaudere

59 295 132 332 etc.
198 287 255 329 Et
277 287 376 344 quia
402 288 651 329 Vicecomes
673 301 800 341 super
819 284 1061 341 hujusmodi
1082 284 1324 325 libertatem
1347 294 1388 325 et
1412 298 1589 326 consue-

59 345 251 386 tudinem
286 360 363 400 per
383 345 633 400 praedictum
659 345 850 386 Priorem
873 342 1177 398 calumpniatas
1199 342 1398 383 noticiam
1430 342 1588 382 habere

57 403 245 453 nolebat,
269 417 347 444 nec
384 402 569 459 aliquam
601 402 842 444 libertatem
864 417 939 443 seu
961 400 1312 442 consuetudinem
1335 409 1459 442 antea
1480 408 1587 440 tem-

56 460 230 515 poribus
267 460 574 516 Episeoporum
611 460 784 502 usitatas
830 474 944 500 nunc
981 467 1174 513 tempore
1195 459 1433 500 vacacionis
1456 458 1587 499 aude-

56 518 131 558 bat
152 518 339 559 allocare
361 519 521 574 absque
544 518 726 573 speciale
749 525 938 558 waranto
962 517 1146 571 Regum,
1169 522 1240 558 etc.
1269 517 1445 571 protulit
1467 515 1581 556 idem

55 574 181 617 Prior
192 576 329 617 Breve
338 575 498 617 domini
510 575 638 630 Regis
658 574 911 616 Vicecomiti
922 574 1419 616 Dunolmensidirectum
1437 575 1477 615 in
1492 574 1587 614 haec

54 634 199 675 verba.
261 634 498 675 Edwardus
518 634 602 675 Dei
619 634 762 687 gracia
785 633 881 674 Rex
900 631 1084 687 Angliae,
1111 632 1323 674 Dominus
1343 631 1584 680 Hiberniae,

53 699 99 733 et
133 691 238 732 Dux
277 691 536 748 Aquitaniae,
580 689 832 733 vicecomiti
870 689 1154 731 Dunolmensi
1188 691 1383 733 salutem.
1472 689 1587 738 Quia

54 748 388 791 dilectus-nobis
409 749 454 790 in
479 750 653 791 Christo
677 749 799 790 Prior
826 747 1127 789 Dunolmensis
1148 749 1303 790 clamat
1339 749 1498 790 habere
1521 747 1585 788 di-

55 821 198 848 versas
235 807 451 850 libertates
473 807 624 864 quibus
647 807 737 862 ipse·
748 814 803 847 „ret
821 806 1157 861 praedecessores
1179 808 1243 847 sui
1269 806 1438 849 Priores
1475 807 1585 862 ejus-

54 865 155 906 dem
191 864 273 906 loci
305 880 471 920 semper
503 865 707 906 hactenus
744 879 768 905 a
802 873 993 919 tempore
1015 879 1100 920 quo
1122 879 1207 905 non
1239 874 1358 906 extat
1380 865 1586 906 memoria

54 922 121 964 usi
143 923 225 964 sint
242 931 284 964 et
301 923 445 977 gavisi,
464 922 572 964 sicut
593 921 709 972 dicit,
729 921 1085 977 tibipraecipimus
1100 923 1229 977 quod,
1249 922 1282 963 si
1306 923 1365 964 ita
1385 933 1460 973 est,
1481 933 1583 964 tunc

54 980 191 1035 ipsum
216 981 407 1022 Priorem
427 981 692 1022 libertatibus
713 980 928 1035 praedictis
949 995 1092 1023 coram
1116 990 1156 1021 te
1176 979 1217 1020 in
1240 981 1458 1023 Comitatu
1478 996 1587 1037 prae·

55 1038 174 1079 dicto
207 1038 267 1080 uti
304 1048 346 1080 et
381 1039 568 1095 gaudere
605 1038 838 1093 permittas,
862 1047 989 1092 prout
1026 1037 1085 1079 eis
1120 1038 1179 1080 nti
1209 1049 1252 1080 et
1272 1040 1463 1093 gaudere
1485 1054 1586 1080 con-

54 1096 256 1137 sueverit.
318 1096 480 1137 Datum
516 1111 595 1151 per
627 1110 775 1137 manus
819 1096 925 1137 Adae
947 1095 1000 1136 de
1179 1098 1419 1139 cancellarii
1452 1097 1586 1139 nostri

56 1153 265 1195 libertatis
296 1155 562 1209 episcopatus
584 1153 906 1203 Dunolmensis‚
930 1154 1031 1195 sede
1054 1164 1243 1196 vacante.
1305 1156 1436 1210 Apud
1463 1156 1586 1197 Dun-

52 1211 154 1251 olm.
192 1226 249 1251 xv
281 1211 535 1262 diesMartii,
559 1226 671 1253 anno
691 1211 811 1265 regui
832 1210 964 1252 nostri
994 1211 1174 1253 decimo.
1243 1213 1444 1255 Pretextu
1468 1216 1587 1269 cnjus

56 1269 245 1310 mandati
291 1269 404 1310 idem
447 1269 682 1310 vicecomes
725 1269 779 1309 ad
815 1268 1114 1324 inquirendum
1157 1270 1322 1323 plenius
1360 1273 1582 1314 veritatem

54 1326 436 1382 superhujusmodi
458 1327 715 1377 libertatem,
739 1341 814 1381 per
831 1325 1081 1380 praedictum
1104 1327 1293 1368 Priorem
1321 1329 1516 1371 usitatam
1540 1339 1583 1371 et

55 1394 308 1438 errogatam,
344 1384 457 1439 cepit
493 1384 706 1440 quandam
731 1383 1049 1437 inquisicionem
1067 1397 1482 1440 persacramentum
1513 1402 1581 1429 XII

59 1442 290 1496 proborum
329 1451 371 1483 et
399 1441 603 1496 legalium
633 1440 860 1482 :hominu-m
893 1441 947 1482 (lc
984 1439 1202 1483 Comitatu
1247 1445 1468 1497 praedict0‚
1504 1461 1582 1501 per

54 1515 162 1554 qzuos
198 1499 343 1540 melius
377 1499 593 1541 certiorari
629 1500 788 1554 poterit
824 1513 950 1553 super
985 1499 1216 1553 praemissa.
1315 1502 1400 1549 Qui
1434 1503 1583 1545 dicun:

50 1572 181 1611 super
216 1567 523 1598 sacramentum
565 1571 686 1599 suum
718 1557 842 1612 quod
885 1555 1009 1597 Prior
1045 1558 1363 1608 Duuolmensis‚
1402 1561 1473 1616 qui
1505 1576 1582 1615 pro

54 1622 248 1669 tempore
265 1615 402 1665 fuerit,
420 1624 463 1655 et
478 1629 627 1655 omnes
649 1614 983 1668 praedecessores
1000 1615 1077 1665 sui,
1096 1615 1265 1657 Priores
1280 1617 1470 1671 ejusdem
1486 1619 1582 1669 loci,

49 1687 223 1726 ›semper
256 1672 475 1722 hactenus,
495 1681 585 1713 tam
606 1681 799 1726 tem-pore
822 1671 1069 1722 vacacionis‚
1094 1688 1220 1729 quam
1243 1686 1378 1726 extra,
1404 1677 1463 1716 usi
1502 1677 1585 1718 sint

55 1731 213 1770 curiam
231 1745 348 1771 suam
373 1739 458 1771 tam
481 1739 605 1770 extra
621 1731 783 1770 curiam
806 1731 1092 1785 cujuscunque
1114 1731 1224 1787 regis
1247 1741 1438 1787 tempore
1463 1750 1585 1776 vaca-

54 1787 198 1836 cionis,
222 1803 346 1843 quam
366 1796 487 1828 extra
507 1788 664 1830 curia-m
684 1787 985 1842 cujuscumque
1000 1787 1202 1843 Episcopi
1220 1789 1347 1832 dictae
1365 1792 1585 1844 libertam,

50 1844 127 1903 ,qui
144 1860 222 1899 pro
237 1854 429 1900 tempore
443 1845 468 1885 f
467 1844 587 1894 uerit,
605 1844 906 1898 calumpniare,
922 1845 1082 1887 habere
1097 1855 1138 1886 et
1156 1857 1301 1888 tenere
1319 1849 1372 1889 de
1388 1851 1583 1894 omnibus

53 1902 293 1957 prisonibus
327 1902 459 1957 captis
493 1917 621 1957 super
654 1901 825 1944 feodum
858 1911 902 1943 et
938 1902 1172 1943 dominium
1202 1905 1310 1945 dicti
1349 1907 1507 1951 Prioris
1532 1921 1584 1956 et

54 1960 414 2014 praedecessorum
447 1974 632 2010 suorum,
663 1959 859 2014 exceptis
896 1959 1135 2014 prisonibus
1173 1963 1305 2016 captis
1341 1979 1421 2019 pro
1445 1978 1583 2010 morte

54 2018 238 2058 hominis
275 2027 457 2059 tantum.
521 2018 578 2058 Et
615 2017 775 2058 debent
795 2017 1036 2073 hujusmodi
1059 2019 1247 2072 prisones
1269 2020 1379 2063 infra
1413 2026 1582 2078 gualam

56 2074 258 2130 Episcopi
291 2074 545 2117 incarcerari
578 2084 622 2116 et
658 2074 843 2118 detrudi.
907 2075 964 2116 -Et
981 2075 1059 2131 qui
1081 2076 1239 2118 inventi
1261 2078 1420 2122 fuerint
1440 2084 1586 2139 culpa-

53 2132 159 2173 biles
181 2133 234 2174 de
256 2132 397 2189 aliquo
418 2133 641 2174 latrocinio
662 2147 736 2173 seu
758 2131 917 2174 felonia
938 2147 1064 2190 super
1084 2134 1221 2176 furcas
1242 2135 1343 2178 dicti
1382 2138 1583 2196 Episcopi

53 2200 182 2232 erunt
216 2190 419 2244 suspensi.
485 2190 540 2230 Et
553 2189 701 2231 dicunt
716 2190 829 2246 qvod
848 2190 903 2230 de
924 2190 1085 2231 catallis
1100 2191 1271 2234 illorum
1287 2195 1501 2248 prisouum
1525 2201 1584 2240 sic

53 2261 354 2302 suspensorum
381 2247 503 2289 Prior
538 2247 714 2288 habebit
746 2246 1033 2297 medietatem,
1057 2255 1130 2290 etc.
1195 2251 1299 2292 Ideo
1322 2253 1433 2294 idem
1460 2256 1583 2297 Prior

56 2304 111 2344 ad
143 2320 329 2359 praesens
352 2306 506 2345 habeat
528 2305 686 2345 curiam
717 2319 834 2345 suam
856 2304 909 2345 de
930 2305 1142 2360 praedictis
1163 2307 1402 2361 prisonibus
1425 2311 1585 2355 delibe-

55 2361 211 2402 randis.
277 2361 333 2402 Et
366 2361 599 2418 assignatus
634 2361 723 2402 dies
756 2361 1079 2402 deliberacionis
1108 2365 1305 2419 usquein
1338 2368 1581 2422 crastinum,

53 2424 126 2459 etc.
189 2419 290 2468 Quo
308 2418 375 2459 die
402 2419 619 2459 Robertus
641 2419 695 2459 de
719 2418 856 2467 Eden‚
887 2418 1129 2460 Willielmus
1152 2421 1282 2462 frater
1299 2425 1402 2480 ejuS‚
1427 2436 1470 2467 et
1495 2428 1584 2468 Ro„

57 2476 205 2519 bertus
226 2476 336 2516 filius
359 2475 582 2519 Laurentii
605 2476 657 2516 de
687 2475 896 2516 Hesilden
927 2476 1099 2517 fuerunt
1120 2482 1322 2531 suspensi.
1386 2483 1493 2528 ideo
1515 2501 1585 2531 ca<

56 2533 160 2575 talla
181 2534 480 2584 confiscantur,
501 2543 548 2574 et
570 2531 714 2575 caeteri
735 2533 926 2587 prisones
947 2543 1044 2574 sunt
1065 2533 1211 2590 quieti.

774 2833 855 2870 1¹2
