1807 2962
483 53 750 84 saonenrus
790 52 854 84 DE
894 51 1237 82 oRAYsTANEs„
1554 39 1618 82 45

269 386 373 415 'CAR
400 386 476 415 VII,
543 385 785 412 ROBERTUS
809 384 866 410 DE
891 383 1104 411 STICHILL
1129 381 1332 409 ELECTUS
1358 381 1450 409 EST.

595 479 692 519 [MS.
714 478 796 521 Cap.
817 488 974 510 cxxx1x.
991 476 1013 509 f.
1040 477 1130 518 185.]

158 573 415 629 Electusque
430 580 492 614 est
508 571 703 613 dominus
723 571 938 611 Robertus
953 570 1007 610 de
1032 569 1208 620 Stichill,
1229 569 1352 611 Prior
1367 570 1420 611 de
1446 570 1627 612 Finkhal

99 631 141 671 in
163 631 407 687 episcopum
438 630 789 678 Dunelmensem,
825 628 894 669 die
911 627 1043 669 sancti
1064 628 1271 669 Jeronimi
1290 643 1301 676 3
1339 629 1630 671 confirmatus·

93 705 181 745 que
223 698 287 730 est
320 706 345 730 a
378 689 552 730 domino
579 687 817 729 Godefrido
852 686 1183 740 Archiepiscopo
1221 686 1480 728 Eboracensi
1515 688 1629 742 apud

102 747 330 789 Scirburne
365 747 409 788 in
446 747 629 795 Elmeth‚
664 745 733 787 die
765 745 897 786 sancti
922 744 1155 786 Clementis
1177 744 1376 799 proximo
1398 754 1627 801 sequente3

99 816 452 861 consecratusque
486 816 548 846 est
576 805 629 845 ab
667 803 818 845 eodem
851 802 962 857 apud
998 801 1245 851 Southwell,
1270 803 1363 843 idus
1389 803 1625 853 Februarii,

99 878 211 905 anno
233 874 483 918 praenotato.
553 863 637 904 Iste
673 862 889 903 Robertus
921 860 963 901 in
996 860 1235 914 primordiis
1259 861 1503 902 monasticae
1524 876 1628 902 con-

100 922 348 963 versationis
371 937 458 963 snae
480 920 601 962 nimis
623 919 723 961 levis
746 919 850 968 fuit3
902 928 946 960 et
969 919 1149 974 quadam
1174 918 1241 960 die
1264 917 1490 969 dominica,
1513 934 1625 969 curn,

98 990 275 1034 propter
307 980 521 1021 levitatem
544 993 660 1019 suam
683 987 724 1018 et
747 977 1040 1026 rebellionem,
1064 986 1171 1017 esset
1194 976 1431 1031 injunctum
1465 977 1557 1028 sibi,
1583 987 1629 1018 ut

100 1053 225 1092 super
253 1038 399 1079 sellam
426 1037 467 1077 in
497 1038 639 1078 medio
671 1036 788 1077 chori
821 1036 931 1076 solus
954 1035 1136 1084 sederet,
1160 1044 1208 1075 ut
1229 1035 1286 1076 sic
1305 1036 1462 1077 rubore
1483 1036 1630 1076 confu-

102 1111 172 1136 sus
210 1106 527 1146 maturesceret,
566 1095 707 1136 sellam
745 1108 817 1148 per
848 1094 1000 1148 pedem
1027 1092 1226 1147 arr1puit,
1242 1103 1284 1134 et
1307 1101 1429 1135 extra
1450 1094 1627 1135 chorum

102 1155 215 1195 inter
253 1154 454 1209 populum
489 1153 679 1209 projecit.
742 1152 910 1192 Dicitur
946 1152 1088 1200 etiam,
1113 1151 1242 1206 quod,
1276 1151 1366 1206 ipso
1388 1161 1627 1206 apostatare

96 1211 333 1266 cogitante,
373 1227 468 1253 cum
506 1226 582 1265 per
618 1225 783 1252 crucem
819 1225 873 1250 ex
906 1209 1103 1265 aquilone
1125 1219 1246 1263 parte
1269 1209 1385 1250 chori
1409 1219 1630 1251 noctanter

102 1270 277 1312 transire
312 1280 550 1320 conaretur,
587 1269 770 1310 monitus
800 1277 861 1309 est
896 1283 970 1322 per
994 1281 1140 1308 vocem
1163 1268 1357 1308 emissam
1379 1268 1557 1319 coelitus,
1582 1276 1630 1309 ut

98 1329 283 1378 rediret3
316 1337 371 1379 et,
410 1329 442 1368 si
479 1338 591 1369 stare
629 1327 768 1375 vellet,
805 1326 858 1367 de
890 1326 1137 1380 episcopatu
1174 1325 1424 1380 promissum
1446 1326 1626 1381 accepit.

108 1386 192 1436 Sic,
217 1386 359 1441 igitur,
380 1386 558 1427 dimissis
574 1385 814 1426 levitatibus
837 1393 880 1425 et
902 1383 1146 1439 puerilibus,
1171 1384 1300 1439 coepit
1330 1392 1632 1434 maturescere,

95 1444 240 1485 studio
273 1445 429 1486 divinae
466 1446 687 1499 scripturae
724 1442 930 1483 insistere.
995 1442 1043 1481 In
1081 1456 1164 1497 qua
1200 1443 1243 1482 in
1279 1443 1398 1483 brevi
1435 1451 1626 1497 tempore

103 1503 215 1543 inter
236 1503 479 1544 claustrales
501 1500 790 1544 observantias
813 1499 871 1541 sic
894 1499 1087 1554 profecit,
1109 1509 1155 1540 ut
1177 1500 1353 1541 scientia
1374 1501 1464 1555 ejus
1486 1500 1628 1541 multis

102 1561 352 1602 miraculum
381 1562 517 1611 fieret,
542 1570 584 1601 et
607 1574 743 1600 mores
767 1560 856 1614 ejus
879 1557 1047 1612 plurimi
1069 1558 1430 1600 commendarent.
1483 1558 1628 1609 Unde,

101 1619 190 1660 istis
213 1620 435 1668 excitatus,
472 1618 642 1674 quidam
676 1617 729 1658 de
765 1616 978 1666 fratribus,
1014 1631 1110 1656 cum
1147 1625 1258 1657 esset
1294 1616 1374 1657 iste
1411 1617 1627 1658 Robertus

104 1677 335 1718 sacerdotis
352 1677 475 1726 filius,
505 1677 595 1731 ipso
617 1676 852 1732 ignorante,
877 1673 1232 1728 dispensationem
1255 1689 1333 1728 pro
1354 1689 1407 1715 eo
1429 1673 1629 1728 impetra-

104 1735 178 1786 vit,
214 1744 259 1776 ut
291 1735 419 1776 etiam
442 1735 495 1776 ad
518 1733 797 1789 episcopalem
815 1742 956 1787 posset
979 1732 1075 1786 eligi
1098 1732 1363 1786 dignitatem.
1427 1732 1482 1772 Et
1501 1733 1630 1773 frater

103 1793 196 1834 haec
229 1793 457 1848 impetrans
480 1801 569 1834 erat
594 1790 809 1837 Henricus
832 1790 884 1830 de
912 1789 1185 1839 Horncastre,
1209 1790 1481 1845 postmodum
1508 1790 1630 1832 Prior

105 1852 158 1892 de
175 1851 475 1908 Coldingham,
502 1851 541 1891 in
564 1847 866 1904 temporalibus
888 1856 930 1889 et
953 1847 1239 1902 spiritualibus
1256 1863 1343 1889 non
1361 1848 1633 1889 mediocriter

101 1909 447 1963 circumspectus,

168 1967 250 2008 Iste
287 1967 516 2017 Robertus,
550 1966 688 2020 primo
712 1963 977 2020 episcopatus
1001 1962 1062 2003 sui
1085 1978 1210 2013 anno,
1234 1964 1392 2005 scilicet
1413 1979 1526 2005 anno
1548 1973 1628 2008 etc,

106 2038 294 2074 MCCLXI,
314 2026 355 2065 in
374 2034 499 2065 nocte
518 2024 646 2065 natali
666 2023 859 2070 Domini,
880 2021 1117 2075 hospitatus
1135 2030 1197 2063 est
1212 2023 1253 2061 in
1275 2022 1492 2063 Abbathia
1506 2037 1634 2077 prop-

106 2091 172 2124 ter
208 2083 468 2124 vicinitatem
502 2082 722 2129 ecclesiae3
760 2080 835 2121 sed
871 2079 1008 2120 Priori
1032 2079 1130 2120 fecit
1152 2080 1293 2120 literas
1323 2080 1365 2120 in
1387 2080 1630 2130 crastinum,

107 2141 222 2196 quod
251 2141 330 2182 hoc
358 2141 399 2181 in
433 2141 495 2181 sui
518 2139 807 2197 praejudicium
831 2137 1072 2178 nullatenus
1095 2138 1346 2180 traheretur.
1411 2138 1505 2189 [Et‚
1538 2139 1637 2194 quia

111 2199 318 2240 Ricardus
355 2199 408 2239 de
444 2198 643 2249 Marisco,
675 2197 716 2238 in
754 2197 793 2237 le
835 2196 1125 2245 CONVEN1T‚*
1160 2195 1360 2236 forestam
1388 2210 1507 2236 suam
1528 2195 1637 2237 inte-

109 2271 227 2311 gram
257 2257 334 2298 sibi
370 2257 614 2306 reservavit,
649 2253 864 2296 monachis
895 2253 1333 2308 recompensationem
1366 2253 1633 2307 promittens,

110 2330 235 2370 quam
269 2330 345 2356 nec
378 2314 480 2368 ipse,
504 2329 582 2355 nec
615 2326 828 2355 successor
861 2310 1010 2366 aliquis
1042 2311 1180 2352 adhuc
1202 2310 1314 2360 fecit,
1337 2310 1433 2351 ideo
1455 2310 1637 2351 eontulit

110 2372 237 2413 etiarn
269 2372 347 2413 iste
380 2372 433 2414 R.
460 2372 599 2413 Priori
625 2372 685 2412 H.
709 2380 751 2412 et
774 2368 1002 2411 conventui
1020 2370 1073 2409 de
1096 2370 1226 2409 bosco
1247 2383 1323 2408 suo
1345 2381 1467 2408 Mccc
1490 2382 1634 2416 acras3

110 2430 308 2470 videlicet
346 2442 519 2470 CCCCXL
557 2445 675 2471 acras
711 2444 767 2469 ex
801 2426 999 2481 aquilone
1034 2437 1151 2480 parte
1186 2425 1265 2465 viae
1297 2440 1393 2480 quae
1425 2425 1543 2466 ducit
1580 2425 1633 2466 de

115 2487 342 2543 Aldingrig
379 2501 510 2542 usque
548 2487 701 2536 Esche,
725 2487 779 2527 de
811 2484 883 2524 illa
905 2484 1064 2524 scilicet
1087 2485 1154 2524 via
1177 2498 1308 2538 usque
1329 2483 1383 2524 ad
1405 2497 1557 2538 aquam
1579 2483 1633 2524 de

86 2558 89 2561 ’
114 2545 274 2595 Broun,
308 2545 415 2586 sicut
448 2559 591 2586 murus
613 2544 729 2600 parci
754 2544 807 2584 de
832 2541 1104 2596 Beurepayre
1126 2556 1236 2581 nunc
1261 2555 1305 2581 se
1329 2540 1492 2589 tendit3
1520 2541 1636 2595 apud

115 2602 422 2662 Muklingewic
455 2616 622 2645 DCCCIX
645 2617 776 2652 acras,
802 2597 961 2641 scilicet
984 2599 1037 2640 de
1063 2599 1316 2648 VVeshelm3
1350 2598 1448 2641 item
1467 2598 1638 2649 ibidem,

638 2725 652 2740 ¹⁸
681 2721 894 2758 Armzxmx,
918 2718 987 2757 No.
1014 2725 1096 2748 Lm,
