1807 2962
204 82 269 131 90
515 90 649 125 HisT.
671 89 903 126 DUNELM.
933 91 1233 125 scmpromss
1258 93 1393 127 TRES.

202 201 321 244 istam
355 214 538 251 causam,
569 200 725 242 mortui
758 209 869 251 sunt,
891 207 1048 256 praeter
1076 200 1250 242 clericos
1284 201 1490 243 seculares
1517 210 1563 244 et
1583 202 1726 254 laicos,

200 268 383 317 quatuor
403 258 599 301 monachi
620 268 663 300 et
685 258 809 300 Prior
826 259 1012 314 quintus,
1031 273 1086 300 ex
1102 258 1343 300 animorum
1361 260 1580 302 divisione.
1614 261 1725 303 Nam

200 326 296 360 orta.
327 316 590 359 dissensione
626 317 734 358 inter
768 316 1030 372 Episcopum
1060 324 1103 357 et
1139 316 1345 367 Priorem,
1370 317 1542 373 quidam
1574 318 1726 361 fratres

200 375 466 418 adherebant
498 375 585 425 uni,
609 374 780 430 quidam
816 374 951 424 alteri,
976 383 1019 415 et
1051 382 1146 416 orta
1174 383 1238 415 est
1258 374 1368 416 inter
1388 375 1482 418 illos
1505 384 1625 418 tanta
1645 377 1728 418 dis-

199 435 355 484 sensio,
378 433 508 490 quod,
531 431 630 488 ipsis
652 431 904 482 viventibus,
923 432 1164 473 nullatenus
1192 440 1255 473 est
1275 433 1437 474 sedata.
1500 434 1557 476 Et
1580 435 1725 486 tercio,

199 506 253 534 ex
271 490 475 546 regularis
497 489 778 532 observantiae
800 489 1060 534 remissione.
1101 490 1214 531 Nam
1234 490 1434 533 inchoata
1449 491 1583 547 briga,
1606 508 1728 548 supe-

198 550 382 592 rioribus
414 548 548 606 magis
569 548 682 590 circa
701 563 847 590 causas
870 563 996 604 quam
1018 548 1130 589 circa
1151 548 1322 590 claustri
1344 550 1580 591 custodiam
1602 565 1728 592 occu-

197 609 321 664 patis,
338 607 497 649 fiebant
514 606 766 648 adulterinae
783 605 1165 657 confabulaciones,
1182 607 1432 662 vagaciones
1454 608 1724 660 inordinatae,

199 675 244 708 et
265 665 572 708 dissoluciones
595 679 606 714 3
639 673 682 706 et
703 664 872 706 liberius
900 665 1171 720 peccabatur,
1196 680 1247 706 eo
1270 665 1384 721 quod
1406 681 1492 706 non
1514 677 1624 708 esset
1653 667 1726 723 qui

198 723 342 766 debite
373 731 597 779 peccantes
630 731 850 777 argueret3
884 722 965 773 vel,
1002 722 1118 779 quod
1154 724 1407 779 superiores,
1432 724 1522 765 aliis
1555 724 1722 775 intenti,

197 782 271 839 qui
304 781 612 838 delinquerent,
647 781 916 836 ignorabant,
955 781 1036 831 vel,
1060 790 1351 835 agnoscentes,
1376 781 1724 831 dissimulabant3

198 855 252 882 ne
272 848 497 896 peccantes
519 839 759 894 exasperati
781 840 1048 893 insurgerent
1065 848 1214 880 contra
1234 841 1341 890 eos]
1392 841 1524 882 Anno
1547 840 1725 882 Domini

197 912 423 949 MCccvm,
442 897 485 938 in
507 897 692 938 crastino
714 896 1028 952 purificationis,
1047 896 1231 938 visitavit
1247 897 1458 939 Antonius
1477 898 1723 953 Capitulum

197 956 491 1000 Dunelmense
512 954 556 996 in
576 955 713 996 forma
735 953 1061 997 Constitutionis
1079 954 1367 996 Bonifacianae
1391 962 1418 983 “
1436 957 1634 1000 Debent.'’
1672 957 1722 997 In

196 1030 281 1071 qua
310 1013 564 1063 visitatione,
598 1027 683 1054 non
705 1011 805 1069 quia
825 1021 975 1054 contra
995 1012 1186 1054 ordinem
1207 1013 1495 1069 deliquissent,
1529 1015 1602 1056 sed
1625 1014 1725 1070 quia

197 1087 294 1115 cum
314 1071 462 1113 Priore
478 1086 555 1112 suo
571 1070 749 1112 firmiter
765 1079 915 1112 contra
929 1070 1186 1125 Episcopum
1209 1080 1449 1122 tenuerunt,
1461 1073 1652 1127 suspensi
1669 1073 1723 1113 ab

197 1129 559 1173 administratione
579 1143 832 1185 quacunque
854 1143 930 1183 per
951 1129 1099 1170 decem
1121 1143 1252 1170 annos
1269 1138 1491 1185 sequentes
1516 1131 1725 1172 Ricardus

197 1190 252 1230 de
275 1187 479 1243 Aslakby,
508 1186 725 1228 Galfridus
756 1187 811 1228 de
833 1187 1024 1235 Burdon,
1049 1196 1091 1227 et
1125 1186 1359 1229 Nicholaus
1382 1188 1436 1229 de
1461 1189 1718 1245 Routhbiry,

200 1254 401 1303 [quorum
436 1244 599 1300 primus
636 1254 829 1299 tempore
866 1244 1039 1285 Ricardi
1071 1244 1230 1287 Prioris
1268 1246 1473 1301 Supprior
1511 1256 1603 1288 erat
1629 1247 1725 1288 Du-

196 1304 439 1354 nelmensis,
472 1303 682 1345 secundus
718 1302 841 1345 Prior
871 1302 925 1344 de
959 1302 1118 1353 Fincal,
1144 1311 1188 1344 et
1220 1306 1374 1345 tercius
1406 1305 1722 1346 elemosinarius

200 1361 500 1404 Dunelmensis
522 1377 531 1403 :
565 1369 609 1403 et
630 1361 716 1402 duo
737 1360 861 1416 primi
883 1361 996 1416 apud
1021 1361 1307 1416 Coldingham
1330 1362 1512 1404 ordinati
1534 1373 1645 1413 sunt,
1667 1362 1724 1403 ibi

197 1436 275 1477 per
296 1419 547 1461 decennium
577 1421 798 1470 moraturi,
837 1428 879 1461 et
908 1419 1060 1460 tercius
1082 1420 1196 1474 apud
1221 1420 1391 1470 Farne.]
1459 1421 1545 1462 Sed
1573 1421 1634 1465 W.
1669 1421 1723 1462 de

203 1477 440 1521 Grenefeld
462 1477 821 1533 Archiepiscopus
845 1477 1128 1518 Eboracensis
1151 1486 1247 1532 post
1269 1487 1448 1520 mortem
1475 1478 1650 1521 Antonii
1681 1480 1725 1520 in

198 1536 435 1579 visitatione
476 1550 553 1577 sua
591 1536 693 1577 sede
729 1544 907 1577 vacante
948 1535 1172 1590 praedictas
1223 1535 1451 1578 sententias
1488 1537 1720 1581 annulavit.

200 1596 400 1651 [Factum
422 1600 485 1635 est
500 1593 595 1644 hoc,
619 1602 666 1634 ut
688 1593 828 1643 credo,
848 1594 980 1648 magis
996 1607 1051 1634 ex
1072 1596 1376 1648 procuracione
1397 1595 1575 1636 aliorum
1598 1611 1724 1651 quam

198 1668 255 1695 ex
275 1652 447 1708 proprio
464 1660 582 1693 motu
607 1650 821 1707 Episcopi.
872 1651 984 1693 Nam
1004 1652 1047 1692 in
1068 1651 1274 1707 principio
1295 1653 1564 1704 visitacionis,
1582 1654 1722 1695 statim

196 1710 491 1753 recedentibus
512 1709 627 1752 laicis
644 1719 687 1751 et
702 1709 975 1760 secularibus,
994 1709 1116 1751 flexis
1130 1725 1271 1751 coram
1292 1710 1503 1766 Episcopo
1524 1711 1719 1766 genibus,

196 1778 310 1811 totus
331 1777 563 1810 conventus
584 1768 640 1809 ad
660 1776 813 1810 terram
835 1768 1006 1819 corruit,
1029 1777 1073 1809 et
1093 1769 1259 1823 rogavit
1280 1778 1326 1811 ut
1347 1769 1380 1809 si
1401 1770 1492 1825 quis
1515 1785 1662 1811 eorum
1680 1770 1722 1818 in

196 1827 270 1868 lite
292 1827 469 1881 praefata
489 1834 639 1868 contra
659 1841 757 1867 eum
778 1825 1036 1881 deliquisset,
1060 1826 1390 1869 misericorditer
1409 1827 1655 1879 dimitteret,
1680 1836 1721 1869 et

199 1884 428 1941 spopondit
448 1884 503 1926 ad
521 1884 713 1926 lacrimas
729 1886 1020 1939 provocatus]

317 2155 413 2184 CAP.
445 2154 572 2185 ΧΧΧῙ.
636 2154 694 2180 DE
727 2154 1058 2181 APPROPRIATIS
1089 2154 1319 2182 ECCLESIAE
1347 2156 1436 2184 PER
1465 2157 1606 2186 ANTO—

519 2211 658 2250 NIUM,
684 2212 740 2239 ET
760 2212 990 2240 AEDlFIClIS
1014 2212 1124 2240 EJUS
1151 2213 1207 2240 ET
1229 2213 1402 2244 MORTE.

721 2305 814 2349 [MS.
833 2306 914 2349 Cap.
933 2316 1058 2338 cmnv.
1075 2304 1097 2338 f.
1114 2306 1211 2347 207]

258 2399 500 2442 Manerium
521 2399 575 2441 de
600 2399 848 2441 Evenwood
874 2400 994 2456 [data
1015 2415 1177 2441 summa
1198 2403 1392 2456 pecuniae
1412 2402 1453 2446 J.
1474 2402 1724 2458 Haunsard]

199 2459 389 2501 ecclesiae
425 2458 734 2507 connectebat3
784 2457 1022 2499 Vlanerium
1061 2459 1113 2500 de
1153 2459 1354 2500 Aukland
1392 2475 1487 2502 cum
1523 2462 1723 2517 Capella*

199 2526 242 2559 et
267 2516 442 2558 cameris
473 2515 831 2571 sumptuosissime
862 2518 1112 2566 construxit,
1139 2517 1363 2572 capellanis
1384 2518 1426 2559 in
1449 2520 1610 2574 capella
1630 2536 1725 2575 per-

198 2584 329 2630 petuo
362 2573 577 2616 servituris
611 2574 830 2615 ecclesiam
853 2573 906 2615 de
930 2574 1136 2629 Mox-path
1160 2576 1450 2630 approprians.
1520 2578 1604 2619 Sed
1633 2579 1724 2634 ipso

199 2640 370 2674 mortuo
422 2632 675 2686 Radulphus
721 2631 830 2673 filius
874 2631 1112 2682 willielmi,
1156 2634 1352 2675 dominus
1393 2634 1446 2677 de
1489 2636 1719 2693 Graystok,

199 2698 469 2745 patronatum
506 2690 697 2746 praefatae
733 2690 922 2732 ecclesiae
955 2705 1031 2745 per
1062 2690 1179 2732 litem
1213 2693 1339 2734 evicit
1357 2708 1368 2742 3
1399 2702 1442 2736 et
1468 2704 1723 2749 praesentato

699 2809 715 2826 θ
743 2806 948 2839 APPEme.
974 2806 1042 2841 No.
1069 2817 1225 2839 Lxxvm.
