1807 2962
497 90 777 124 APPENDIX.
806 90 929 121 ANN.
960 87 1226 121 mccxxxv.
1496 71 1635 117 xxxix

95 206 333 241 trescentos
370 211 576 252 pauperes
609 197 651 238 in
684 197 753 238 die
785 195 1063 238 anniversarii
1087 193 1272 248 magistri
1304 191 1424 233 Alani
1446 192 1500 232 de
1526 192 1635 232 Mel-

91 257 270 312 2samby3
304 265 347 297 et
377 255 577 312 assignati
609 264 707 296 sunt
730 254 876 310 viginti
900 255 1024 296 solidi
1046 253 1087 294 in
1111 250 1359 293 molendino
1381 250 1435 290 de
1460 249 1631 299 Duum*

91 313 328 369 recipiendi
342 313 514 368 singulis
532 314 655 355 annis
672 314 725 354 de
744 312 930 354 scacario
948 311 1111 353 domini
1134 309 1288 351 Prioris
1305 324 1314 357 3
1338 317 1379 349 et
1396 307 1467 348 alii
1483 307 1629 361 viginti

95 373 218 413 solidi
243 371 460 413 annuatim
491 371 723 426 recipiendi
755 371 809 412 de
841 370 1042 426 pensione
1066 367 1254 410 ecclesiae
1277 367 1330 408 de
1357 365 1627 421 Wal'lzyntom

87 445 173 486 per
194 444 366 471 manum
383 429 603 471 camerarii
624 429 694 485 qui
716 443 794 484 pro
817 438 1006 484 tempore
1028 426 1168 470 fuerit.

227 546 329 587 Item
359 547 470 598 quod
494 559 598 586 unus
622 546 868 597 capellanus
886 546 1053 585 celebret
1071 546 1239 584 missam
1253 555 1336 595 pro
1355 543 1498 581 anima

490 605 681 656 mayistrz'
712 603 892 644 Hem-ici
911 605 959 643 de
981 602 1226 654 Mel-samby.

151 710 262 751 Item
294 708 561 763 assignantur
593 706 745 764 viginti
776 706 899 748 solidi
931 707 985 748 de
1008 706 1125 748 (licto
1149 705 1394 747 molendino
1417 704 1470 745 de
1495 703 1627 744 Duna

78 768 145 809 tad
170 767 406 808 mercedem
430 767 552 807 unius
574 765 797 820 capellani,
822 765 906 821 qui,
931 766 1128 806 omnibus
1151 764 1299 805 diebus
1329 762 1560 809 ferialibus,
1585 761 1627 801 in

80 825 255 880 =capella
276 835 433 866 sanctae
458 823 605 866 Crucis
628 838 755 878 supra
775 834 941 877 portam
961 823 1192 864 Abbathjae
1209 823 1374 862 missam
1393 819 1626 861 celebrabit

89 882 328 938 specialiter
367 898 446 938 pro
487 881 628 923 anima
673 881 863 935 magistri
907 881 1086 922 Henrici
1128 881 1182 921 de
1229 879 1482 935 Mdsamby,
1525 893 1621 918 cum

90 942 267 983 Placebo
299 947 337 982 et
368 943 520 993 Diriqe
556 946 594 980 et
626 940 984 980 Commendat-ione
1023 942 1289 986 animarum5
1342 937 1413 993 qui
1448 935 1623 977 habebit

88 998 330 1039 corredium
367 1013 486 1039 suum
520 997 755 1038 honorifice
787 997 831 1038 in
858 999 989 1041 curia.
1058 997 1114 1037 Et
1136 996 1272 1037 dictos
1295 995 1442 1050 viginti
1465 994 1622 1035 solidos

80 1057 143 1097 cde
165 1057 350 1098 scacario
376 1055 531 1097 Prioris
553 1054 742 1110 recipiet.

150 1115 259 1156 Item
282 1113 606 1155 memorandum
628 1113 745 1169 quod
772 1112 1068 1154 molendinum
1099 1112 1152 1154 de
1176 1113 1309 1154 Duna
1331 1119 1519 1166 emptum
1542 1109 1622 1150 fuit

88 1173 143 1214 de
166 1173 347 1213 denariis
370 1171 579 1213 dictorum
603 1170 900 1225 magistrorum
937 1170 1061 1212 Alani
1085 1180 1128 1212 et
1154 1170 1330 1212 Henrici
1352 1179 1393 1211 et
1415 1170 1623 1225 quinqua»

86 1232 206 1285 ginta
222 1245 332 1272 acrae
355 1239 479 1272 terrae
501 1229 543 1270 in
565 1228 777 1270 territorio
799 1229 853 1270 de
880 1228 1105 1270 Pitendun.

207 1345 300 1387 Hic
320 1347 523 1398 incpjpiant
542 1345 736 1386 Instituta
754 1345 910 1385 domini
932 1345 1095 1386 leomoe
1112 1346 1410 1398 Priorisfacca
1422 1357 1504 1396 pee-

630 1417 865 1444 consensum
889 1404 1085 1455 Capituli.

149 1511 274 1551 Anno
308 1509 534 1551 dominicae
569 1508 877 1550 incarnacionis
900 1514 1035 1550 Μοῦς’)
1071 1510 1268 1550 tricesmo
1305 1510 1468 1565 quinto,
1503 1523 1618 1549 anno

74 1569 275 1610 ›secundo
315 1567 527 1622 prioratus
570 1567 729 1608 domini
775 1567 958 1607 Thomae
1005 1567 1163 1608 Prioris
1200 1566 1518 1616 Dunelmensis,
1562 1566 1617 1606 ad

82 1626 255 1667 laudem
290 1635 333 1666 et
364 1625 571 1665 honorem
605 1624 782 1666 Domini
810 1626 939 1665 nostri
963 1626 1061 1666 Jesu
1088 1625 1261 1675 Christi,
1286 1626 1398 1666 etad
1424 1624 1614 1665 ecclesiae

79 1684 309 1725 :utilitatem
333 1690 376 1723 et
408 1683 566 1723 ordinis
597 1682 925 1732 exaltacionem,
950 1693 993 1724 et
1013 1683 1068 1724 ad
1100 1683 1290 1724 ecclesiae
1316 1683 1617 1723 Dunelmensis

84 1741 317 1789 libertates,
335 1741 446 1794 jura,
472 1749 515 1782 et
547 1740 831 1795 possessiones
865 1741 1217 1796 prosequencium
1244 1741 1525 1782 temeritatem
1551 1756 1616 1780 re-

83 1799 362 1854 primendam,
402 1813 477 1852 per
507 1798 666 1839 dictum
698 1797 918 1839 dominum
945 1799 1135 1840 Priorem
1159 1808 1202 1839 et
1229 1799 1497 1840 Conventum
1526 1798 1615 1840 Du-

86 1858 345 1898 neimensem
369 1856 670 1897 inviolabiliter
701 1857 966 1898 observanda
986 1858 1025 1898 in
1042 1867 1315 1914 perpetuum,
1340 1866 1497 1899 statuta
1518 1866 1617 1898 sunt

77 1914 152 1956 ,hic
176 1914 423 1969 subscripta.

296 2032 553 2086 Certg‘ftcacz'o
573 2033 621 2072 de
642 2032 888 2072 Redditibus
910 2032 1197 2073 Dunelmensis
1217 2035 1404 2075 ecclesioe.

139 2121 194 2162 ‘In
226 2121 387 2177 primis,
423 2130 600 2177 propter
637 2122 836 2176 pericula,
860 2137 956 2177 quae
979 2122 1197 2176 pervenire
1221 2134 1392 2178 possent
1415 2138 1470 2163 ex
1494 2124 1613 2178 igno-

83 2178 220 2220 rantia
242 2180 484 2220 reddituum
508 2189 552 2221 et
572 2180 750 2220 aliorum
773 2181 964 2221 ecclesiae
987 2190 1283 2234 proventuum,
1308 2191 1508 2222 statutum
1533 2192 1611 2231 est,

83 2245 146 2286 ut,
181 2236 355 2293 singulis
387 2237 518 2286 annis,
560 2237 671 2278 circa
701 2238 856 2278 festum
900 2238 1045 2278 Sancti
1073 2239 1285 2292 Gregorii,
1319 2248 1613 2279 convocentur

89 2294 295 2348 Supprior
316 2304 360 2335 et
390 2294 460 2335 alii
482 2295 631 2336 fratres
653 2295 706 2335 ad
725 2295 805 2335 hoc
828 2296 1006 2336 vocandi
1027 2312 1036 2343 3
1069 2306 1111 2336 et
1132 2297 1381 2337 ostendatur
1402 2298 1460 2336 eis
1479 2306 1611 2337 status

84 2351 267 2400 Domus,
292 2351 334 2391 in
355 2352 506 2406 quibus
529 2362 601 2393 aut
622 2361 826 2407 quantum
849 2354 1030 2393 creverit
1051 2355 1282 2403 annuatim,
1307 2362 1380 2394 aut
1403 2353 1611 2395 diminuta

82 2407 239 2457 fuerit3
273 2418 316 2449 et
348 2409 590 2450 ordinatum
625 2419 689 2450 est.
721 2409 848 2450 etiam
881 2423 924 2450 et
951 2418 1156 2451 statutum
1189 2420 1235 2451 ut
1262 2411 1501 2452 scribantur
1522 2412 1610 2452 (luo

81 2465 223 2515 rotuli,
239 2466 508 2507 continentes
527 2466 656 2507 totius
676 2467 841 2507 Domus
858 2468 1160 2521 possessiones,
1180 2468 1382 2518 redditus,
1403 2478 1443 2509 et
1466 2470 1606 2510 omnia

82 2523 165 2564 alia
187 2523 349 2565 Domui
381 2524 670 2577 pertinencia3
703 2533 745 2565 et
777 2524 830 2564 sit
864 2539 970 2564 unus
1001 2526 1044 2565 in
1077 2525 1269 2567 custod-ia
1293 2526 1534 2581 Supprioris
1567 2538 1610 2568 et

82 2596 228 2622 eorum
265 2583 336 2637 qui
366 2581 626 2635 deputantur
657 2582 710 2622 ad
742 2582 977 2622 custodiam
1000 2583 1138 2637 sigilli,
1156 2598 1246 2624 vuna
1267 2599 1362 2625 cum
1386 2584 1522 2638 sigillo
1544 2600 1589 2626 re

79 2639 333 2694 ponendus:
366 2639 471 2681 alius
503 2641 546 2681 in
583 2639 777 2681 custodia
812 2639 981 2690 prioris,
1014 2656 1108 2682 cum
1141 2656 1250 2697 opus
1282 2641 1610 2684 fi1e1·itcircun·.=

724 2756 740 2773 *¹
763 2755 967 2799 Pittingtou.
