1807 2962
426 122 717 155 GAUFRIDUS
746 123 811 153 DE
839 121 1208 154 COLDINGHAM,
1519 115 1588 163 29

19 233 337 300 [Eboracensis
372 231 707 287 Archiepiscopi,
741 231 794 272 ad
828 229 1007 271 eandem
1046 229 1266 271 ecclesiam
1303 229 1582 273 wintonien-

55 310 140 337 sem
178 293 424 348 episcopum
455 288 658 346 postulari
682 288 792 338 fecit,
816 303 943 344 quem
971 287 1080 345 Regi
1103 288 1350 329 familiarem
1373 298 1416 330 et
1437 304 1582 331 aman-

53 352 258 395 tissimum
291 358 481 399 noverat,
514 357 558 389 et
589 347 689 389 ideo
723 347 832 402 Regi
863 355 1033 402 gratum
1065 355 1108 388 et
1129 355 1352 402 acceptum
1374 346 1465 389 fore
1486 362 1582 404 per-

53 410 228 467 spexit]

172 695 271 723 CAP.
308 694 404 722 XXI.
458 693 516 720 DE
571 690 833 719 ELECTIONE
878 689 1069 718 RICARDI
1113 691 1471 719 SALEBERIENSIS

726 749 912 777 DECANI.

518 862 615 904 [MS.
638 861 720 905 Cap.
738 872 902 902 cxxvxu,
916 860 972 894 fol.
995 862 1059 899 178
1076 862 1125 903 b.]

119 940 239 983 Prior
260 954 361 982 vero
392 947 433 981 et
468 938 664 980 monachi
699 938 1040 980 Dunhelmenses
1072 938 1125 980 ad
1148 938 1368 980 ecclesiam
1393 938 1588 981 Dunhel-

59 1014 247 1041 mensem
274 998 531 1055 jamdudum
559 997 789 1038 Ricardum
815 997 1037 1038 Decanum
1060 997 1280 1054 elegerant
1305 997 1593 1039 Salesberien-

60 1073 176 1106 sem3
208 1057 284 1098 sed
321 1056 570 1098 electionem
594 1070 713 1097 suam
749 1056 827 1097 sub
866 1055 1010 1096 modio
1041 1064 1246 1110 ponentes
1268 1065 1312 1097 et
1341 1070 1426 1097 non
1467 1070 1594 1111 super

59 1116 378 1165 candelabrum,
402 1114 514 1169 apud
537 1129 580 1156 se
603 1113 790 1170 quinque
817 1114 1029 1156 mensibus
1052 1114 1094 1154 in
1126 1114 1189 1156 sui
1216 1113 1322 1170 juris
1355 1113 1592 1170 periculum

60 1174 364 1222 occultabant3
409 1188 485 1214 nec
542 1187 635 1213 eam
676 1172 838 1227 populo
878 1173 1112 1223 declarare,
1156 1188 1235 1214 nec
1276 1172 1331 1214 ad
1372 1172 1594 1214 dominum

63 1233 223 1287 Papam
256 1231 431 1281 referre,
465 1246 542 1272 nec
567 1231 677 1285 Regi
709 1231 910 1272 volebant
940 1246 1174 1286 exponere.
1241 1231 1438 1285 Agebant
1460 1232 1597 1272 omni·

62 1291 213 1340 modis,
247 1290 321 1331 sed
363 1304 448 1330 non
478 1290 587 1331 adeo
621 1297 745 1330 caute
782 1300 828 1330 ut
864 1290 1050 1339 deceret,
1074 1304 1127 1331 ne
1158 1289 1213 1330 ad
1239 1289 1370 1344 Regis
1391 1289 1592 1331 noticiam

61 1349 330 1405 perveniret3
364 1364 416 1389 ne
448 1363 545 1389 eum
579 1347 784 1389 haberent
806 1348 1028 1398 offensum,
1052 1347 1085 1387 si
1108 1347 1208 1403 quid
1230 1348 1595 1403 praesumpsissent

63 1416 220 1462 praeter
241 1407 330 1461 ejus
352 1421 617 1447 consensum.
682 1405 870 1447 Domino
891 1415 1033 1447 autem
1054 1406 1218 1461 Legato
1241 1414 1283 1447 et
1305 1406 1597 1462 Archiepisco-

62 1481 118 1520 po
156 1464 451 1507 Cantuariensi
489 1473 699 1506 secretum
745 1479 865 1505 suum
909 1464 1234 1513 revelaverant3
1285 1479 1471 1520 quorum
1512 1465 1593 1520 ipsi

62 1524 220 1565 factum
242 1524 596 1578 approbaverant,
636 1532 680 1564 et
711 1523 810 1564 totis
845 1522 1002 1564 viribus
1031 1522 1232 1579 prosequi
1253 1523 1593 1568 commonebant.

71 1582 285 1623 Veniente
330 1581 459 1637 igitur
492 1581 785 1622 Dunhelmum
818 1581 986 1636 Legato
1018 1590 1061 1622 et
1093 1584 1184 1634 [de]
1215 1580 1424 1622 electione
1454 1581 1593 1638 inqui-

65 1650 201 1690 rente,
239 1639 442 1680 dixerunt
478 1654 523 1680 se
557 1639 707 1680 fratres
737 1639 887 1694 legisse
919 1639 1060 1680 literas
1092 1639 1255 1680 domini
1291 1640 1421 1695 Papae
1452 1640 1595 1695 profe-

65 1707 296 1746 rentes3et
319 1698 373 1739 ad
402 1697 578 1752 vestigia
610 1699 698 1753 ejus
734 1697 949 1753 provoluti
980 1698 1291 1753 supplicabant,
1327 1713 1381 1739 ne
1418 1700 1594 1740 contra*

66 1756 320 1798 electionem
343 1771 459 1797 suam
482 1756 707 1811 quicquam
728 1765 1004 1811 attemptaret
1022 1756 1294 1806 contrarium,
1314 1771 1400 1812 quo
1416 1756 1596 1813 gloriam

66 1830 215 1856 eorum
248 1823 503 1863 evacueret3
536 1814 634 1870 quia
671 1813 714 1855 id
747 1815 983 1856 secundum
1020 1813 1215 1855 timorem
1250 1814 1442 1856 divinum
1475 1824 1519 1857 et
1539 1815 1596 1857 ad

67 1874 246 1914 salutem
287 1872 487 1914 fecissent
527 1872 776 1914 animarum.
854 1872 933 1914 Ille
973 1882 1117 1914 autem
1158 1873 1355 1914 effectata
1394 1872 1597 1915 felicitate

67 1931 308 1986 simplicior,
333 1932 486 1973 bonam
509 1931 678 1987 quidem
700 1940 743 1972 et
758 1931 918 1986 justam
941 1946 1087 1972 eorum
1109 1946 1201 1972 esse
1218 1930 1468 1985 petitionem
1486 1931 1602 1973 dice-

69 1990 170 2038 bat3
202 2004 526 2045 personamque,
562 2005 688 2046 quem
720 1990 953 2043 elegerant,
987 1989 1122 2030 virum
1155 1990 1372 2046 ydoneum
1395 1998 1438 2031 et
1459 1990 1598 2031 erudi—

70 2058 185 2096 tum3
219 2048 294 2089 sed
326 2058 464 2089 tamen
498 2047 539 2088 in
561 2048 754 2089 omnibus
780 2047 890 2102 Regi
910 2048 1201 2098 deferendum,
1225 2049 1316 2089 sine
1336 2048 1454 2103 cujus
1476 2048 1600 2090 boni-

71 2116 158 2147 tate
191 2121 270 2147 nec
301 2106 428 2148 etiam
464 2106 505 2146 in
529 2116 642 2147 terra
663 2107 822 2162 absque
858 2121 998 2147 rerum
1031 2106 1290 2148 detrimento
1312 2106 1599 2150 residendum.

74 2165 243 2205 Fratres
266 2180 366 2206 vero
387 2166 609 2220 proposito
630 2180 707 2206 suo
729 2173 971 2206 constanter
992 2173 1035 2206 et
1056 2164 1310 2206 unanimiter
1331 2165 1601 2216 inhaerentes,

73 2222 188 2263 nullo
211 2232 372 2264 terrore
393 2223 507 2264 flecti
528 2232 754 2278 poterant;
787 2223 861 2264 sed
877 2231 922 2264 ut
939 2232 1129 2279 paternae
1152 2223 1450 2264 consolationis
1472 2224 1603 2265 ubera

74 2280 205 2332 [inter
240 2281 460 2334 verberam
490 2280 769 2336 correptionis
803 2296 889 2322 suae
926 2281 1183 2331 ostenderet,
1220 2281 1438 2323 humiliter
1478 2297 1602 2336 roga-

73 2339 200 2388 bant3
233 2340 346 2395 quod
368 2339 526 2380 factum
544 2354 707 2387 eorum,
730 2354 781 2380 ne
800 2340 923 2380 famae
945 2354 1034 2381 suae
1056 2340 1302 2380 scandalum
1325 2340 1602 2390 incurrerent,

75 2412 161 2436 non
183 2397 439 2452 repudiaret,
463 2398 538 2439 sed
559 2397 700 2452 potius
722 2398 1014 2438 confirmando
1037 2398 1297 2438 confoveret.
1360 2398 1438 2438 Ille
1461 2407 1603 2439 autem

76 2455 221 2508 ingens
255 2455 429 2496 iminere
463 2455 696 2510 periculum
726 2456 971 2504 asserebat3
1004 2456 1103 2511 quia
1127 2456 1255 2509 Regis
1278 2465 1319 2496 et
1343 2455 1473 2510 Papae
1491 2455 1604 2497 idem

77 2521 185 2553 esset
213 2527 286 2553 cor
306 2521 348 2554 et
369 2512 519 2562 anima,
553 2522 595 2554 et
622 2513 694 2569 qui
716 2528 846 2553 unum
868 2513 1103 2554 offenderet
1125 2513 1297 2554 alterius
1319 2528 1489 2570 quoque
1510 2529 1605 2555 reus

77 2570 307 2619 existeret3
339 2572 659 2626 cavendumque
692 2585 743 2611 ne
774 2570 883 2625 ipsos
915 2571 1027 2612 inter
1048 2571 1154 2611 duos
1177 2581 1375 2613 cornutos
1403 2582 1476 2614 aut
1497 2572 1606 2614 inter

78 2628 184 2669 duas
207 2628 337 2670 molas
359 2629 609 2670 constitutos
629 2627 798 2685 gravior
818 2643 944 2684 poena
960 2637 1209 2671 contereret.

417 2748 433 2766 ⁰
463 2746 567 2784 Circa,
579 2744 613 2777 in
627 2754 731 2789 marg.
1005 2750 1024 2789 †
1050 2745 1267 2781 WVRARTON.
