1807 2962
469 56 748 89 APPENDIX.
778 56 901 87 ANN.
932 55 1202 87 MLxxxm.
1557 62 1614 93 xv

84 184 128 210 se
151 166 231 209 de
222 165 319 223 lpsis
337 164 496 222 aliquid
514 163 781 213 intromittat,
802 161 879 203 nisi
897 177 972 217 per
989 177 1240 205 consensum
1255 163 1442 218 ipsorum
1461 174 1501 206 et
1524 181 1615 208 mo-

83 226 314 268 nachorum
347 223 575 265 licentiam.
641 220 893 262 Decedente
933 221 1095 285 Priore,
1143 221 1321 263 libeiam
1360 222 1614 266 electionem

82 283 281 326 fratribus
300 281 531 337 promitto,
556 280 629 336 qui
652 279 819 319 Priores
842 278 956 320 omni
980 287 1171 333 tempore
1187 279 1286 320 vitae
1309 294 1396 320 suae
1411 280 1609 332 existant,

83 352 126 384 et
145 341 279 382 libera
310 338 447 380 officia
488 353 563 379 sua
584 337 858 391 adimpleant.
923 336 1151 378 Testificor
1172 338 1305 378 eciam
1327 338 1444 394 quod
1481 338 1617 380 domi-

82 414 160 440 nus
185 399 283 439 Rex
320 398 373 438 ab
397 395 592 437 omnibus
628 394 1009 436 consuetudinibus
1044 410 1116 436 eos
1139 410 1235 436 cum
1259 395 1499 437 hominibus
1532 397 1615 437 suis

83 457 247 513 penitus
269 455 463 504 absolvit,
499 467 765 517 quaecunque
803 451 856 493 ad
889 467 1090 494 coronam
1116 453 1274 507 Regis*
1298 453 1339 493 in
1361 462 1617 508 perpetuum

84 512 344 557 attinuerint.
410 511 468 553 Et
504 510 665 552 domini
700 510 962 552 Lanfrancus
994 519 1036 551 et
1070 511 1260 552 Thomas
1294 512 1617 567 Arcbiepiscopi

85 583 129 615 et
160 587 247 637 ego
279 569 482 618 similiter,
507 583 652 609 omnes
682 568 892 617 ecclesias,
917 583 1194 624 quascunque
1230 569 1272 610 in
1294 569 1453 611 diocesi
1475 580 1619 612 nostra

85 628 376 694 adquisierint,
401 627 458 669 eis
481 627 636 668 liberas
659 635 702 666 et
724 626 887 681 quietas
919 627 1217 676 concedimus,
1253 636 1298 668 ut
1322 627 1498 669 vicarios
1520 644 1617 669 suos

86 702 253 742 semper
275 702 316 727 m
340 701 399 727 eis
421 692 623 734 statuant,
647 685 719 739 qui
756 684 809 724 de
830 684 1048 726 beneficiis
1071 699 1217 726 earum
1254 685 1333 725 illis
1356 701 1523 752 semper
1551 701 1618 728 re-

87 746 338 801 spondeant,
355 743 476 784 nobis
495 757 594 784 vero
612 751 655 783 et
677 742 988 783 successoribus
1011 743 1164 784 nostris
1179 743 1233 784 de
1255 758 1356 784 cuia
1382 745 1618 785 animarum

86 804 320 846 intendant.
389 801 549 844 Omnes
582 799 851 855 praescriptas
887 800 1119 850 libertates,
1158 800 1402 858 dignitates,
1433 817 1506 844 seu
1544 803 1620 844 ho-

86 877 224 912 noreS,
262 861 360 902 Deo
397 868 439 901 et
462 867 611 900 sancto
635 857 878 899 Cuthberto
900 867 943 899 et
967 859 1186 900 Prioribus
1208 874 1304 910 suis,
1328 869 1545 916 praecepto
1577 870 1620 902 et

88 919 343 962 auctoritate
379 916 542 959 domini
579 916 710 971 Papae
749 916 964 971 Gregorii,
998 916 1311 982 imperpetuum
1345 919 1553 969 concedo,
1577 928 1622 960 et

89 977 387 1019 inviolabiliter
401 976 552 1017 observ
556 974 616 1015 aii
633 989 848 1029 piaecipio.
909 974 953 1015 Si
969 975 1061 1031 quis
1076 990 1177 1016 vero
1190 975 1300 1017 hanc
1316 985 1471 1018 nostiae
1486 977 1621 1018 dona-

89 1035 218 1078 tionis
251 1043 426 1084 cartam,
450 1032 530 1074 nisi
567 1032 610 1073 in
642 1031 793 1073 melius
828 1047 919 1073 eam
954 1034 1228 1083 converterit,
1253 1033 1412 1076 minue.
1421 1050 1445 1077 e
1470 1035 1566 1077 vel'
1557 1051 1620 1077 111-

88 1094 275 1148 fringere
309 1089 639 1148 praesumpserit,
663 1090 830 1145 praefati
870 1091 1001 1145 Papae
1038 1101 1079 1133 et
1117 1065 1275 1133 domini
1316 1093 1545 1134 Lanfranci
1577 1102 1621 1135 et

92 1152 274 1194 Thomae
313 1149 744 1214 Archiepiscopmum
777 1156 820 1189 et
856 1163 951 1190 mea
983 1150 1238 1192 auctoritate
1271 1165 1295 1192 a
1318 1151 1495 1192 Domini
1517 1152 1622 1193 Jesu

95 1209 254 1253 Christi
276 1207 492 1250 consortio
529 1214 762 1261 separetur,
787 1214 829 1248 et
851 1216 1058 1273 perpetuo
1081 1209 1355 1250 anathemate
1392 1210 1624 1265 condemp-

91 1279 231 1310 netur.
295 1269 448 1307 Amen.
512 1265 582 1314 Et,
607 1273 654 1306 ut
688 1264 780 1305 haec
817 1265 1083 1307 confirmatio
1106 1281 1201 1307 mea
1222 1266 1262 1307 in
1286 1275 1478 1308 eternum
1500 1268 1624 1309 firma

92 1333 354 1392 permaneat,
379 1332 615 1380 presentem
639 1330 800 1363 caltam
822 1323 994 1378 propria
1015 1339 1141 1365 manu
1164 1324 1284 1379 signo
1306 1334 1465 1366 sanctae
1488 1326 1622 1366 erucis

94 1399 202 1439 1mp1
205 1399 283 1425 esst
317 1392 361 1424 et
387 1379 649 1423 confirmavi.
717 1380 830 1422 Haec
853 1391 969 1423 carta
990 1383 1244 1424 confilmata
1264 1390 1327 1423 est
1349 1383 1463 1438 apud
1490 1383 1625 1424 West-

95 1441 411 1491 monasteiium,
437 1444 530 1480 1111Ο
553 1452 664 1480 anno
686 1437 951 1494 episcopatus
975 1440 1069 1488 mei,
1094 1440 1134 1480 in
1157 1440 1334 1482 consilio
1356 1441 1516 1483 domini
1540 1443 1623 1482 mei

97 1501 176 1543 W.
202 1500 267 1541 Re
271 1499 347 1554 gis,
370 1497 653 1554 praesentibus
675 1497 870 1538 omnibus
892 1497 1099 1554 episcopis
1135 1498 1306 1554 Angliae
1324 1507 1369 1540 et
1389 1499 1622 1541 baionibus

96 1568 139 1601 et
160 1558 414 1616 quibusdam
435 1553 810 1597 subscribentibus.
931 1556 999 1598 Va
1114 1556 1154 1598 le
1274 1564 1330 1601 te.

216 1673 393 1728 Signum
415 1683 456 1714 ÷
482 1669 691 1712 Willielmi
717 1670 1002 1713 Dunelmelsis
1027 1675 1124 1726 [ita]
1152 1671 1364 1727 Episcopi.

213 1732 390 1786 Signum
413 1734 456 1771 -i-
481 1728 708 1770 Lanfranci
732 1729 1067 1785 Archiepiscopi.

215 1795 258 1830 ÷
282 1790 458 1845 Signum
484 1787 666 1828 Thomae
694 1787 1023 1842 Archiepiscopi.
1030 1788 1050 1835 †

218 1849 399 1903 Signum
423 1846 588 1888 Odonis
612 1854 651 1887 ÷
678 1844 922 1886 Baiocensis
948 1845 1162 1900 Episcopi

217 1905 395 1960 Signum
418 1904 608 1947 Gosfridi
632 1911 675 1942 -1-
701 1903 1015 1945 Costanciencis
1039 1903 1252 1959 Episcopi.

167 2010 176 2013 ,
221 1963 397 2019 Signum
424 1963 612 2004 Wlstani
634 1968 678 2005 —1-
698 1961 913 2016 Episcopi.

219 2021 396 2079 Signum
423 2020 588 2063 Bisonis
611 2026 653 2060 -1-
673 2020 889 2075 Episcopi.

218 2081 397 2134 Signum
421 2079 607 2135 Remigii
631 2086 673 2118 ÷
696 2077 912 2133 Episcopi.

220 2138 398 2195 Signum
420 2144 462 2179 -4-
486 2138 609 2179 Pauli
633 2136 828 2178 Abbatis.
870 2146 874 2149 '

224 2196 401 2252 Signum
423 2198 466 2236 ÷
496 2194 728 2237 Walkelini
753 2194 967 2249 Episcopi.

224 2254 402 2308 Signum
425 2257 467 2292 -1-
495 2252 705 2295 osmundi
729 2253 826 2294 Bat.
854 2252 1071 2307 Episcopi.

221 2311 399 2368 Signum
421 2311 649 2366 AEgelwini

225 2347 401 2422 Signum
429 2369 672 2410 Aedmundi
701 2369 943 2409 Abbatis÷

229 2426 405 2480 Signum
424 2427 620 2468 Turstini
643 2431 684 2466 -i-
708 2426 889 2466 Abbatis
918 2423 1224 2465 Glastonicnis.

226 2483 401 2540 Signum
426 2484 626 2525 Scolandi
650 2483 831 2524 Abbatis
853 2488 910 2524 4.

226 2541 404 2596 Signum
430 2542 610 2583 Turoldi
633 2547 674 2582 —1-
697 2540 892 2583 Abbatis.

628 2660 644 2676 '
671 2658 756 2691 This
774 2658 860 2690 word
877 2659 905 2690 is
921 2656 1114 2689 interlinod.

156 2706 174 2745 †
201 2703 277 2736 The
302 2714 400 2736 name
424 2702 462 2735 of
483 2704 541 2736 the
566 2704 777 2747 Archbishop
795 2703 834 2737 of
855 2702 948 2738 York
965 2702 1094 2736 follows
1120 2702 1194 2735 that
1224 2701 1263 2735 of
1286 2701 1344 2735 the
1365 2701 1578 2746 Archbishop
1605 2704 1642 2737 of

113 2747 335 2792 Canterbury
352 2750 387 2782 in
402 2748 459 2782 the
477 2760 568 2783 same
584 2749 664 2782 line.
