<?xml version="1.0" encoding="UTF-8"?>
<!DOCTYPE html PUBLIC "-//W3C//DTD XHTML 1.0 Transitional//EN"
    "http://www.w3.org/TR/xhtml1/DTD/xhtml1-transitional.dtd">
<html xmlns="http://www.w3.org/1999/xhtml" xml:lang="en" lang="en">
 <head>
  <title>
</title>
<meta http-equiv="Content-Type" content="text/html;charset=utf-8" />
  <meta name='ocr-system' content='tesseract 3.04.00' />
  <meta name='ocr-capabilities' content='ocr_page ocr_carea ocr_par ocr_line ocrx_word'/>
</head>
<body>
  <div class='ocr_page' id='page_1' title='image "./historiaedunelme00gauf_0331.png"; bbox 0 0 1807 2962; ppageno 0'>
   <div class='ocr_carea' id='block_1_1' title="bbox 470 88 1599 142">
    <p class='ocr_par' dir='ltr' id='par_1_1' title="bbox 470 88 1599 142">
     <span class='ocr_line' id='line_1_1' title="bbox 470 88 1599 142; baseline -0.007 0"><span class='ocrx_word' id='word_1_1' title='bbox 470 107 742 142; x_wconf 82' lang='lat' dir='ltr'><strong>APPENDIx.</strong></span> <span class='ocrx_word' id='word_1_2' title='bbox 781 106 902 139; x_wconf 79' lang='lat' dir='ltr'>ANN.</span> <span class='ocrx_word' id='word_1_3' title='bbox 931 106 1182 138; x_wconf 79' lang='lat' dir='ltr'><strong>mcccxlx.</strong></span> <span class='ocrx_word' id='word_1_4' title='bbox 1490 88 1599 135; x_wconf 82' lang='lat' dir='ltr'><strong>cxxi</strong></span> 
     </span>
    </p>
   </div>
   <div class='ocr_carea' id='block_1_2' title="bbox 327 401 1355 492">
    <p class='ocr_par' dir='ltr' id='par_1_2' title="bbox 327 401 1355 492">
     <span class='ocr_line' id='line_1_2' title="bbox 327 401 1355 437; baseline -0.005 -1"><span class='ocrx_word' id='word_1_5' title='bbox 327 408 405 437; x_wconf 83' lang='lat' dir='ltr'><strong>cn.</strong></span> <span class='ocrx_word' id='word_1_6' title='bbox 440 406 764 436; x_wconf 83' lang='lat' dir='ltr'>CERTIFICACIO</span> <span class='ocrx_word' id='word_1_7' title='bbox 788 407 847 434; x_wconf 88' lang='lat' dir='ltr'><strong>DE</strong></span> <span class='ocrx_word' id='word_1_8' title='bbox 870 405 1005 433; x_wconf 88' lang='lat' dir='ltr'>BONIS</span> <span class='ocrx_word' id='word_1_9' title='bbox 1029 401 1355 433; x_wconf 81' lang='lat' dir='ltr'>CARDINALIUM</span> 
     </span>
     <span class='ocr_line' id='line_1_3' title="bbox 675 463 1006 492; baseline -0.006 0"><span class='ocrx_word' id='word_1_10' title='bbox 675 463 1006 492; x_wconf 86' lang='lat' dir='ltr'><strong>RECUPERATIS.</strong></span> 
     </span>
    </p>
   </div>
   <div class='ocr_carea' id='block_1_3' title="bbox 667 540 1019 585">
    <p class='ocr_par' dir='ltr' id='par_1_3' title="bbox 667 540 1019 585">
     <span class='ocr_line' id='line_1_4' title="bbox 667 540 1019 585; baseline -0.011 -10"><span class='ocrx_word' id='word_1_11' title='bbox 667 541 772 585; x_wconf 81' lang='lat' dir='ltr'><strong>[Reg.</strong></span> <span class='ocrx_word' id='word_1_12' title='bbox 789 541 841 573; x_wconf 92' lang='lat'><strong>11.</strong></span> <span class='ocrx_word' id='word_1_13' title='bbox 858 540 882 572; x_wconf 86' lang='lat' dir='ltr'><strong>f.</strong></span> <span class='ocrx_word' id='word_1_14' title='bbox 901 542 943 572; x_wconf 90' lang='lat'><strong>63</strong></span> <span class='ocrx_word' id='word_1_15' title='bbox 960 541 1019 583; x_wconf 87' lang='lat' dir='ltr'><strong>b..]</strong></span> 
     </span>
    </p>
   </div>
   <div class='ocr_carea' id='block_1_4' title="bbox 77 610 1624 2814">
    <p class='ocr_par' dir='ltr' id='par_1_4' title="bbox 77 610 1624 2814">
     <span class='ocr_line' id='line_1_5' title="bbox 138 610 1609 671; baseline -0.005 -10"><span class='ocrx_word' id='word_1_16' title='bbox 138 619 404 661; x_wconf 85' lang='lat' dir='ltr'><strong>Reverendae</strong></span> <span class='ocrx_word' id='word_1_17' title='bbox 438 617 711 660; x_wconf 85' lang='lat' dir='ltr'><strong>discrecionis</strong></span> <span class='ocrx_word' id='word_1_18' title='bbox 748 618 840 658; x_wconf 88' lang='lat' dir='ltr'><strong>viro</strong></span> <span class='ocrx_word' id='word_1_19' title='bbox 875 615 1078 671; x_wconf 83' lang='lat' dir='ltr'><strong>magistro</strong></span> <span class='ocrx_word' id='word_1_20' title='bbox 1114 615 1313 671; x_wconf 84' lang='lat' dir='ltr'><strong>Rigaudo</strong></span> <span class='ocrx_word' id='word_1_21' title='bbox 1340 614 1395 656; x_wconf 90' lang='lat' dir='ltr'><strong>de</strong></span> <span class='ocrx_word' id='word_1_22' title='bbox 1422 610 1609 664; x_wconf 85' lang='lat' dir='ltr'><strong>Asserio,</strong></span> 
     </span>
     <span class='ocr_line' id='line_1_6' title="bbox 83 673 1612 729; baseline -0.005 -9"><span class='ocrx_word' id='word_1_23' title='bbox 83 677 302 720; x_wconf 88' lang='lat' dir='ltr'><strong>Canonico</strong></span> <span class='ocrx_word' id='word_1_24' title='bbox 339 676 571 726; x_wconf 87' lang='lat' dir='ltr'><strong>Aureliani,</strong></span> <span class='ocrx_word' id='word_1_25' title='bbox 605 675 767 717; x_wconf 89' lang='lat' dir='ltr'><strong>domini</strong></span> <span class='ocrx_word' id='word_1_26' title='bbox 796 675 926 729; x_wconf 82' lang='lat' dir='ltr'><strong>Papae</strong></span> <span class='ocrx_word' id='word_1_27' title='bbox 948 675 992 715; x_wconf 92' lang='lat' dir='ltr'><strong>in</strong></span> <span class='ocrx_word' id='word_1_28' title='bbox 1015 674 1174 729; x_wconf 86' lang='lat' dir='ltr'><strong>Anglia</strong></span> <span class='ocrx_word' id='word_1_29' title='bbox 1195 673 1363 724; x_wconf 91' lang='lat' dir='ltr'><strong>nuncio,</strong></span> <span class='ocrx_word' id='word_1_30' title='bbox 1387 688 1461 714; x_wconf 91' lang='lat' dir='ltr'><strong>seu</strong></span> <span class='ocrx_word' id='word_1_31' title='bbox 1485 687 1612 713; x_wconf 87' lang='lat' dir='ltr'><strong>vene-</strong></span> 
     </span>
     <span class='ocr_line' id='line_1_7' title="bbox 77 729 1610 790; baseline -0.004 -14"><span class='ocrx_word' id='word_1_32' title='bbox 77 736 201 777; x_wconf 86' lang='lat' dir='ltr'><strong>rabili</strong></span> <span class='ocrx_word' id='word_1_33' title='bbox 232 736 341 790; x_wconf 89' lang='lat' dir='ltr'><strong>patri</strong></span> <span class='ocrx_word' id='word_1_34' title='bbox 372 734 548 776; x_wconf 91' lang='lat' dir='ltr'><strong>domino</strong></span> <span class='ocrx_word' id='word_1_35' title='bbox 572 733 655 775; x_wconf 89' lang='lat' dir='ltr'><strong>Dei</strong></span> <span class='ocrx_word' id='word_1_36' title='bbox 676 734 819 788; x_wconf 80' lang='lat' dir='ltr'><strong>gracia</strong></span> <span class='ocrx_word' id='word_1_37' title='bbox 845 732 1003 774; x_wconf 83' lang='lat' dir='ltr'><strong>Abbati</strong></span> <span class='ocrx_word' id='word_1_38' title='bbox 1024 733 1271 773; x_wconf 84' lang='lat' dir='ltr'><strong>monasterii</strong></span> <span class='ocrx_word' id='word_1_39' title='bbox 1291 733 1432 773; x_wconf 81' lang='lat' dir='ltr'><strong>beatae</strong></span> <span class='ocrx_word' id='word_1_40' title='bbox 1457 729 1610 770; x_wconf 83' lang='lat' dir='ltr'><strong>Mariae</strong></span> 
     </span>
     <span class='ocr_line' id='line_1_8' title="bbox 84 787 1609 844; baseline -0.005 -9"><span class='ocrx_word' id='word_1_41' title='bbox 84 793 378 844; x_wconf 69' lang='lat' dir='ltr'><strong>Ebomcensis,</strong></span> <span class='ocrx_word' id='word_1_42' title='bbox 423 791 643 834; x_wconf 88' lang='lat' dir='ltr'><strong>Galfridus</strong></span> <span class='ocrx_word' id='word_1_43' title='bbox 681 791 806 833; x_wconf 81' lang='lat' dir='ltr'><strong>Prior</strong></span> <span class='ocrx_word' id='word_1_44' title='bbox 846 789 1035 832; x_wconf 89' lang='lat' dir='ltr'><strong>ecclesiae</strong></span> <span class='ocrx_word' id='word_1_45' title='bbox 1079 790 1378 832; x_wconf 89' lang='lat' dir='ltr'><strong>Dunelmensis</strong></span> <span class='ocrx_word' id='word_1_46' title='bbox 1415 787 1609 837; x_wconf 88' lang='lat' dir='ltr'><strong>salutem,</strong></span> 
     </span>
     <span class='ocr_line' id='line_1_9' title="bbox 78 845 1612 905; baseline -0.005 -12"><span class='ocrx_word' id='word_1_47' title='bbox 78 850 364 893; x_wconf 83' lang='lat' dir='ltr'><strong>reverenciam</strong></span> <span class='ocrx_word' id='word_1_48' title='bbox 400 859 443 891; x_wconf 89' lang='lat' dir='ltr'><strong>et</strong></span> <span class='ocrx_word' id='word_1_49' title='bbox 475 850 699 891; x_wconf 86' lang='lat' dir='ltr'><strong>honorem.</strong></span> <span class='ocrx_word' id='word_1_50' title='bbox 762 849 930 890; x_wconf 89' lang='lat' dir='ltr'><strong>Literas</strong></span> <span class='ocrx_word' id='word_1_51' title='bbox 964 857 1134 898; x_wconf 86' lang='lat' dir='ltr'><strong>vestras,</strong></span> <span class='ocrx_word' id='word_1_52' title='bbox 1168 847 1384 905; x_wconf 84' lang='lat' dir='ltr'><strong>magister,</strong></span> <span class='ocrx_word' id='word_1_53' title='bbox 1413 845 1612 901; x_wconf 83' lang='lat' dir='ltr'><strong>Rigaude</strong></span> 
     </span>
     <span class='ocr_line' id='line_1_10' title="bbox 81 903 1610 965; baseline -0.003 -15"><span class='ocrx_word' id='word_1_54' title='bbox 81 909 303 964; x_wconf 84' lang='lat' dir='ltr'><strong>praedicte,</strong></span> <span class='ocrx_word' id='word_1_55' title='bbox 348 908 671 965; x_wconf 89' lang='lat' dir='ltr'><strong>quartodecimo</strong></span> <span class='ocrx_word' id='word_1_56' title='bbox 712 906 781 948; x_wconf 93' lang='lat' dir='ltr'><strong>die</strong></span> <span class='ocrx_word' id='word_1_57' title='bbox 822 907 850 948; x_wconf 89' lang='lat' dir='ltr'>J</span> <span class='ocrx_word' id='word_1_58' title='bbox 854 906 940 947; x_wconf 89' lang='lat' dir='ltr'><strong>unii</strong></span> <span class='ocrx_word' id='word_1_59' title='bbox 980 906 1214 961; x_wconf 85' lang='lat' dir='ltr'><strong>recepimus</strong></span> <span class='ocrx_word' id='word_1_60' title='bbox 1255 907 1298 946; x_wconf 91' lang='lat' dir='ltr'><strong>in</strong></span> <span class='ocrx_word' id='word_1_61' title='bbox 1339 905 1431 945; x_wconf 83' lang='lat' dir='ltr'><strong>haec</strong></span> <span class='ocrx_word' id='word_1_62' title='bbox 1468 903 1610 946; x_wconf 85' lang='lat' dir='ltr'><strong>verba.</strong></span> 
     </span>
     <span class='ocr_line' id='line_1_11' title="bbox 81 961 1614 1022; baseline -0.005 -14"><span class='ocrx_word' id='word_1_63' title='bbox 81 966 327 1008; x_wconf 79' lang='lat' dir='ltr'><strong>Venerabili</strong></span> <span class='ocrx_word' id='word_1_64' title='bbox 362 975 405 1008; x_wconf 91' lang='lat' dir='ltr'><strong>et</strong></span> <span class='ocrx_word' id='word_1_65' title='bbox 441 965 644 1022; x_wconf 85' lang='lat' dir='ltr'><strong>religioso</strong></span> <span class='ocrx_word' id='word_1_66' title='bbox 678 964 770 1006; x_wconf 89' lang='lat' dir='ltr'><strong>viro</strong></span> <span class='ocrx_word' id='word_1_67' title='bbox 805 964 944 1006; x_wconf 92' lang='lat' dir='ltr'><strong>Priori</strong></span> <span class='ocrx_word' id='word_1_68' title='bbox 982 963 1261 1006; x_wconf 87' lang='lat' dir='ltr'><strong>Dunelmensi</strong></span> <span class='ocrx_word' id='word_1_69' title='bbox 1302 961 1522 1017; x_wconf 86' lang='lat' dir='ltr'><strong>Rigaudus</strong></span> <span class='ocrx_word' id='word_1_70' title='bbox 1559 961 1614 1002; x_wconf 90' lang='lat' dir='ltr'><strong>de</strong></span> 
     </span>
     <span class='ocr_line' id='line_1_12' title="bbox 85 1018 1615 1078; baseline -0.005 -13"><span class='ocrx_word' id='word_1_71' title='bbox 85 1024 274 1074; x_wconf 87' lang='lat' dir='ltr'><strong>Asserio‚</strong></span> <span class='ocrx_word' id='word_1_72' title='bbox 297 1024 524 1065; x_wconf 85' lang='lat' dir='ltr'><strong>canonicus</strong></span> <span class='ocrx_word' id='word_1_73' title='bbox 548 1023 814 1073; x_wconf 81' lang='lat' dir='ltr'><strong>Aurelianus,</strong></span> <span class='ocrx_word' id='word_1_74' title='bbox 837 1021 999 1063; x_wconf 84' lang='lat' dir='ltr'><strong>domini</strong></span> <span class='ocrx_word' id='word_1_75' title='bbox 1023 1022 1154 1078; x_wconf 82' lang='lat' dir='ltr'><strong>Papae</strong></span> <span class='ocrx_word' id='word_1_76' title='bbox 1176 1022 1218 1062; x_wconf 91' lang='lat' dir='ltr'><strong>in</strong></span> <span class='ocrx_word' id='word_1_77' title='bbox 1243 1021 1400 1076; x_wconf 85' lang='lat' dir='ltr'><strong>Anglia</strong></span> <span class='ocrx_word' id='word_1_78' title='bbox 1421 1018 1615 1068; x_wconf 89' lang='lat' dir='ltr'><strong>nuncius,</strong></span> 
     </span>
     <span class='ocr_line' id='line_1_13' title="bbox 81 1077 1616 1124; baseline -0.004 -2"><span class='ocrx_word' id='word_1_79' title='bbox 81 1082 260 1124; x_wconf 88' lang='lat' dir='ltr'><strong>salutem</strong></span> <span class='ocrx_word' id='word_1_80' title='bbox 295 1081 336 1122; x_wconf 91' lang='lat' dir='ltr'><strong>in</strong></span> <span class='ocrx_word' id='word_1_81' title='bbox 371 1081 574 1123; x_wconf 85' lang='lat' dir='ltr'><strong>Domino.</strong></span> <span class='ocrx_word' id='word_1_82' title='bbox 648 1082 719 1122; x_wconf 87' lang='lat' dir='ltr'><strong>Ex</strong></span> <span class='ocrx_word' id='word_1_83' title='bbox 755 1080 957 1121; x_wconf 83' lang='lat' dir='ltr'><strong>mandato</strong></span> <span class='ocrx_word' id='word_1_84' title='bbox 993 1081 1330 1122; x_wconf 86' lang='lat' dir='ltr'><strong>reverendorum</strong></span> <span class='ocrx_word' id='word_1_85' title='bbox 1366 1078 1408 1118; x_wconf 88' lang='lat' dir='ltr'><strong>in</strong></span> <span class='ocrx_word' id='word_1_86' title='bbox 1444 1077 1616 1119; x_wconf 83' lang='lat' dir='ltr'><strong>Christo</strong></span> 
     </span>
     <span class='ocr_line' id='line_1_14' title="bbox 82 1135 1617 1196; baseline -0.003 -15"><span class='ocrx_word' id='word_1_87' title='bbox 82 1149 253 1195; x_wconf 87' lang='lat' dir='ltr'><strong>patrum</strong></span> <span class='ocrx_word' id='word_1_88' title='bbox 284 1139 553 1181; x_wconf 89' lang='lat' dir='ltr'><strong>dominorum</strong></span> <span class='ocrx_word' id='word_1_89' title='bbox 577 1138 659 1180; x_wconf 92' lang='lat' dir='ltr'><strong>Dei</strong></span> <span class='ocrx_word' id='word_1_90' title='bbox 681 1139 825 1196; x_wconf 85' lang='lat' dir='ltr'><strong>gracia</strong></span> <span class='ocrx_word' id='word_1_91' title='bbox 848 1138 1074 1179; x_wconf 89' lang='lat' dir='ltr'><strong>Gaucelini</strong></span> <span class='ocrx_word' id='word_1_92' title='bbox 1097 1138 1209 1179; x_wconf 88' lang='lat' dir='ltr'><strong>tituli</strong></span> <span class='ocrx_word' id='word_1_93' title='bbox 1231 1145 1471 1178; x_wconf 86' lang='lat' dir='ltr'><strong>sanctorum</strong></span> <span class='ocrx_word' id='word_1_94' title='bbox 1496 1135 1617 1176; x_wconf 81' lang='lat' dir='ltr'><strong>Mar-</strong></span> 
     </span>
     <span class='ocr_line' id='line_1_15' title="bbox 83 1193 1617 1252; baseline -0.004 -13"><span class='ocrx_word' id='word_1_95' title='bbox 83 1197 224 1239; x_wconf 87' lang='lat' dir='ltr'><strong>cellini</strong></span> <span class='ocrx_word' id='word_1_96' title='bbox 261 1207 304 1239; x_wconf 88' lang='lat' dir='ltr'><strong>et</strong></span> <span class='ocrx_word' id='word_1_97' title='bbox 342 1197 460 1238; x_wconf 89' lang='lat' dir='ltr'><strong>Petri</strong></span> <span class='ocrx_word' id='word_1_98' title='bbox 490 1196 727 1252; x_wconf 85' lang='lat' dir='ltr'><strong>presbiteri,</strong></span> <span class='ocrx_word' id='word_1_99' title='bbox 751 1210 799 1237; x_wconf 91' lang='lat' dir='ltr'><strong>ac</strong></span> <span class='ocrx_word' id='word_1_100' title='bbox 824 1196 954 1236; x_wconf 85' lang='lat' dir='ltr'><strong>Lucae</strong></span> <span class='ocrx_word' id='word_1_101' title='bbox 976 1205 1134 1237; x_wconf 87' lang='lat' dir='ltr'><strong>sanetae</strong></span> <span class='ocrx_word' id='word_1_102' title='bbox 1158 1195 1312 1237; x_wconf 79' lang='lat' dir='ltr'><strong>Mariae</strong></span> <span class='ocrx_word' id='word_1_103' title='bbox 1335 1195 1377 1235; x_wconf 89' lang='lat' dir='ltr'><strong>in</strong></span> <span class='ocrx_word' id='word_1_104' title='bbox 1401 1193 1482 1234; x_wconf 87' lang='lat' dir='ltr'><strong>Via</strong></span> <span class='ocrx_word' id='word_1_105' title='bbox 1505 1193 1617 1233; x_wconf 85' lang='lat' dir='ltr'><strong>Lata</strong></span> 
     </span>
     <span class='ocr_line' id='line_1_16' title="bbox 86 1253 1614 1310; baseline -0.004 -14"><span class='ocrx_word' id='word_1_106' title='bbox 86 1255 268 1305; x_wconf 88' lang='lat' dir='ltr'><strong>diaconi,</strong></span> <span class='ocrx_word' id='word_1_107' title='bbox 305 1255 610 1305; x_wconf 86' lang='lat' dir='ltr'><strong>Cardinalium,</strong></span> <span class='ocrx_word' id='word_1_108' title='bbox 643 1253 766 1295; x_wconf 89' lang='lat' dir='ltr'><strong>nobis</strong></span> <span class='ocrx_word' id='word_1_109' title='bbox 798 1253 925 1304; x_wconf 82' lang='lat' dir='ltr'><strong>facto,</strong></span> <span class='ocrx_word' id='word_1_110' title='bbox 951 1268 1023 1293; x_wconf 91' lang='lat' dir='ltr'><strong>vos</strong></span> <span class='ocrx_word' id='word_1_111' title='bbox 1046 1253 1296 1310; x_wconf 82' lang='lat' dir='ltr'><strong>requirimus</strong></span> <span class='ocrx_word' id='word_1_112' title='bbox 1314 1260 1357 1293; x_wconf 90' lang='lat' dir='ltr'><strong>et</strong></span> <span class='ocrx_word' id='word_1_113' title='bbox 1380 1265 1614 1300; x_wconf 85' lang='lat' dir='ltr'><strong>monemus,</strong></span> 
     </span>
     <span class='ocr_line' id='line_1_17' title="bbox 83 1308 1615 1366; baseline -0.005 -11"><span class='ocrx_word' id='word_1_114' title='bbox 83 1328 132 1355; x_wconf 86' lang='lat' dir='ltr'><strong>ac</strong></span> <span class='ocrx_word' id='word_1_115' title='bbox 164 1313 208 1354; x_wconf 90' lang='lat' dir='ltr'><strong>in</strong></span> <span class='ocrx_word' id='word_1_116' title='bbox 239 1312 394 1354; x_wconf 89' lang='lat' dir='ltr'><strong>virtute</strong></span> <span class='ocrx_word' id='word_1_117' title='bbox 425 1321 583 1353; x_wconf 86' lang='lat' dir='ltr'><strong>sanctae</strong></span> <span class='ocrx_word' id='word_1_118' title='bbox 604 1311 875 1361; x_wconf 82' lang='lat' dir='ltr'><strong>obedientiae,</strong></span> <span class='ocrx_word' id='word_1_119' title='bbox 899 1326 983 1366; x_wconf 90' lang='lat' dir='ltr'><strong>qua</strong></span> <span class='ocrx_word' id='word_1_120' title='bbox 1004 1312 1093 1352; x_wconf 88' lang='lat' dir='ltr'><strong>sedi</strong></span> <span class='ocrx_word' id='word_1_121' title='bbox 1117 1309 1377 1365; x_wconf 88' lang='lat' dir='ltr'><strong>Apostolicae</strong></span> <span class='ocrx_word' id='word_1_122' title='bbox 1399 1308 1615 1358; x_wconf 83' lang='lat' dir='ltr'><strong>tenemini,</strong></span> 
     </span>
     <span class='ocr_line' id='line_1_18' title="bbox 83 1368 1617 1427; baseline -0.005 -15"><span class='ocrx_word' id='word_1_123' title='bbox 83 1371 355 1427; x_wconf 78' lang='lat' dir='ltr'><strong>praesentium</strong></span> <span class='ocrx_word' id='word_1_124' title='bbox 389 1379 539 1411; x_wconf 86' lang='lat' dir='ltr'><strong>tenore</strong></span> <span class='ocrx_word' id='word_1_125' title='bbox 571 1370 843 1424; x_wconf 79' lang='lat' dir='ltr'><strong>injungimnS,</strong></span> <span class='ocrx_word' id='word_1_126' title='bbox 867 1369 1078 1424; x_wconf 83' lang='lat' dir='ltr'><strong>quatinus,</strong></span> <span class='ocrx_word' id='word_1_127' title='bbox 1103 1370 1138 1410; x_wconf 90' lang='lat' dir='ltr'><strong>si</strong></span> <span class='ocrx_word' id='word_1_128' title='bbox 1159 1369 1300 1425; x_wconf 73' lang='lat' dir='ltr'><strong>aIIqua</strong></span> <span class='ocrx_word' id='word_1_129' title='bbox 1320 1368 1433 1409; x_wconf 89' lang='lat' dir='ltr'><strong>bona</strong></span> <span class='ocrx_word' id='word_1_130' title='bbox 1454 1381 1527 1407; x_wconf 88' lang='lat' dir='ltr'><strong>seu</strong></span> <span class='ocrx_word' id='word_1_131' title='bbox 1549 1381 1617 1406; x_wconf 89' lang='lat' dir='ltr'><strong>res</strong></span> 
     </span>
     <span class='ocr_line' id='line_1_19' title="bbox 84 1424 1618 1482; baseline -0.005 -12"><span class='ocrx_word' id='word_1_132' title='bbox 84 1429 296 1470; x_wconf 89' lang='lat' dir='ltr'><strong>dictorum</strong></span> <span class='ocrx_word' id='word_1_133' title='bbox 327 1427 599 1470; x_wconf 89' lang='lat' dir='ltr'><strong>dominorum</strong></span> <span class='ocrx_word' id='word_1_134' title='bbox 635 1426 925 1469; x_wconf 89' lang='lat' dir='ltr'><strong>Cardinalium</strong></span> <span class='ocrx_word' id='word_1_135' title='bbox 956 1426 999 1466; x_wconf 90' lang='lat' dir='ltr'><strong>in</strong></span> <span class='ocrx_word' id='word_1_136' title='bbox 1030 1426 1352 1482; x_wconf 85' lang='lat' dir='ltr'><strong>depraedacione</strong></span> <span class='ocrx_word' id='word_1_137' title='bbox 1384 1424 1618 1466; x_wconf 85' lang='lat' dir='ltr'><strong>eorundem</strong></span> 
     </span>
     <span class='ocr_line' id='line_1_20' title="bbox 84 1482 1618 1542; baseline -0.005 -14"><span class='ocrx_word' id='word_1_138' title='bbox 84 1487 254 1542; x_wconf 89' lang='lat' dir='ltr'><strong>perdita</strong></span> <span class='ocrx_word' id='word_1_139' title='bbox 274 1502 348 1528; x_wconf 89' lang='lat' dir='ltr'><strong>seu</strong></span> <span class='ocrx_word' id='word_1_140' title='bbox 371 1486 538 1528; x_wconf 85' lang='lat' dir='ltr'><strong>sublata</strong></span> <span class='ocrx_word' id='word_1_141' title='bbox 559 1486 614 1526; x_wconf 89' lang='lat' dir='ltr'><strong>ad</strong></span> <span class='ocrx_word' id='word_1_142' title='bbox 635 1500 784 1526; x_wconf 86' lang='lat' dir='ltr'><strong>manus</strong></span> <span class='ocrx_word' id='word_1_143' title='bbox 800 1493 958 1525; x_wconf 89' lang='lat' dir='ltr'><strong>vestras</strong></span> <span class='ocrx_word' id='word_1_144' title='bbox 973 1484 1257 1539; x_wconf 86' lang='lat' dir='ltr'><strong>pervenerint,</strong></span> <span class='ocrx_word' id='word_1_145' title='bbox 1275 1493 1347 1524; x_wconf 88' lang='lat' dir='ltr'><strong>aut</strong></span> <span class='ocrx_word' id='word_1_146' title='bbox 1365 1482 1618 1538; x_wconf 88' lang='lat' dir='ltr'><strong>pervenient</strong></span> 
     </span>
     <span class='ocr_line' id='line_1_21' title="bbox 84 1539 1619 1598; baseline -0.005 -12"><span class='ocrx_word' id='word_1_147' title='bbox 84 1544 129 1586; x_wconf 85' lang='lat' dir='ltr'><strong>in</strong></span> <span class='ocrx_word' id='word_1_148' title='bbox 158 1544 364 1594; x_wconf 81' lang='lat' dir='ltr'><strong>futurum,</strong></span> <span class='ocrx_word' id='word_1_149' title='bbox 397 1543 519 1585; x_wconf 86' lang='lat' dir='ltr'><strong>nobis</strong></span> <span class='ocrx_word' id='word_1_150' title='bbox 556 1544 670 1598; x_wconf 91' lang='lat' dir='ltr'><strong>apud</strong></span> <span class='ocrx_word' id='word_1_151' title='bbox 703 1543 957 1593; x_wconf 82' lang='lat' dir='ltr'><strong>Eboracum,</strong></span> <span class='ocrx_word' id='word_1_152' title='bbox 1001 1551 1075 1583; x_wconf 90' lang='lat' dir='ltr'><strong>aut</strong></span> <span class='ocrx_word' id='word_1_153' title='bbox 1115 1541 1274 1583; x_wconf 91' lang='lat' dir='ltr'><strong>Abbati</strong></span> <span class='ocrx_word' id='word_1_154' title='bbox 1295 1543 1433 1583; x_wconf 88' lang='lat' dir='ltr'><strong>beatae</strong></span> <span class='ocrx_word' id='word_1_155' title='bbox 1463 1539 1619 1580; x_wconf 81' lang='lat' dir='ltr'><strong>Mariae</strong></span> 
     </span>
     <span class='ocr_line' id='line_1_22' title="bbox 93 1597 1618 1657; baseline -0.005 -13"><span class='ocrx_word' id='word_1_156' title='bbox 93 1603 394 1651; x_wconf 80' lang='lat' dir='ltr'><strong>Eboracensis‚</strong></span> <span class='ocrx_word' id='word_1_157' title='bbox 418 1601 676 1657; x_wconf 89' lang='lat' dir='ltr'><strong>quamcicius</strong></span> <span class='ocrx_word' id='word_1_158' title='bbox 698 1600 922 1642; x_wconf 89' lang='lat' dir='ltr'><strong>commode</strong></span> <span class='ocrx_word' id='word_1_159' title='bbox 936 1600 1145 1655; x_wconf 88' lang='lat' dir='ltr'><strong>poteritis,</strong></span> <span class='ocrx_word' id='word_1_160' title='bbox 1165 1599 1399 1655; x_wconf 87' lang='lat' dir='ltr'><strong>deportetis</strong></span> <span class='ocrx_word' id='word_1_161' title='bbox 1419 1614 1429 1639; x_wconf 74' lang='grc' dir='ltr'>ε</span> <span class='ocrx_word' id='word_1_162' title='bbox 1452 1605 1526 1638; x_wconf 88' lang='lat' dir='ltr'><strong>aut</strong></span> <span class='ocrx_word' id='word_1_163' title='bbox 1540 1597 1618 1638; x_wconf 90' lang='lat' dir='ltr'><strong>sub</strong></span> 
     </span>
     <span class='ocr_line' id='line_1_23' title="bbox 87 1655 1619 1713; baseline -0.005 -11"><span class='ocrx_word' id='word_1_164' title='bbox 87 1661 176 1702; x_wconf 82' lang='lat' dir='ltr'><strong>fida</strong></span> <span class='ocrx_word' id='word_1_165' title='bbox 197 1659 391 1701; x_wconf 88' lang='lat' dir='ltr'><strong>custodia</strong></span> <span class='ocrx_word' id='word_1_166' title='bbox 411 1658 720 1709; x_wconf 84' lang='lat' dir='ltr'><strong>transmittatis,</strong></span> <span class='ocrx_word' id='word_1_167' title='bbox 745 1658 898 1699; x_wconf 89' lang='lat' dir='ltr'><strong>nostris</strong></span> <span class='ocrx_word' id='word_1_168' title='bbox 921 1668 1065 1699; x_wconf 90' lang='lat' dir='ltr'><strong>tamen</strong></span> <span class='ocrx_word' id='word_1_169' title='bbox 1087 1658 1323 1713; x_wconf 80' lang='lat' dir='ltr'><strong>sumptibus</strong></span> <span class='ocrx_word' id='word_1_170' title='bbox 1345 1666 1389 1698; x_wconf 81' lang='lat' dir='ltr'><strong>et</strong></span> <span class='ocrx_word' id='word_1_171' title='bbox 1410 1655 1619 1710; x_wconf 60' lang='lat' dir='ltr'><strong>expensis„</strong></span> 
     </span>
     <span class='ocr_line' id='line_1_24' title="bbox 90 1712 1622 1772; baseline -0.004 -13"><span class='ocrx_word' id='word_1_172' title='bbox 90 1718 224 1759; x_wconf 90' lang='lat' dir='ltr'><strong>Vobis</strong></span> <span class='ocrx_word' id='word_1_173' title='bbox 254 1717 384 1758; x_wconf 91' lang='lat' dir='ltr'><strong>etiam</strong></span> <span class='ocrx_word' id='word_1_174' title='bbox 404 1717 708 1758; x_wconf 84' lang='lat' dir='ltr'><strong>committimus</strong></span> <span class='ocrx_word' id='word_1_175' title='bbox 732 1731 805 1771; x_wconf 89' lang='lat' dir='ltr'><strong>per</strong></span> <span class='ocrx_word' id='word_1_176' title='bbox 825 1725 1070 1771; x_wconf 82' lang='lat' dir='ltr'><strong>praesentes,</strong></span> <span class='ocrx_word' id='word_1_177' title='bbox 1095 1718 1292 1772; x_wconf 85' lang='lat' dir='ltr'><strong>quatinus</strong></span> <span class='ocrx_word' id='word_1_178' title='bbox 1314 1713 1524 1763; x_wconf 87' lang='lat' dir='ltr'><strong>omnibus,</strong></span> <span class='ocrx_word' id='word_1_179' title='bbox 1548 1712 1622 1769; x_wconf 88' lang='lat' dir='ltr'><strong>qui</strong></span> 
     </span>
     <span class='ocr_line' id='line_1_25' title="bbox 87 1771 1623 1832; baseline -0.005 -14"><span class='ocrx_word' id='word_1_180' title='bbox 87 1775 248 1832; x_wconf 87' lang='lat' dir='ltr'><strong>aliquid</strong></span> <span class='ocrx_word' id='word_1_181' title='bbox 278 1776 332 1817; x_wconf 91' lang='lat' dir='ltr'><strong>de</strong></span> <span class='ocrx_word' id='word_1_182' title='bbox 356 1774 570 1830; x_wconf 86' lang='lat' dir='ltr'><strong>praedictis</strong></span> <span class='ocrx_word' id='word_1_183' title='bbox 593 1774 874 1824; x_wconf 86' lang='lat' dir='ltr'><strong>restituerint,</strong></span> <span class='ocrx_word' id='word_1_184' title='bbox 899 1783 972 1815; x_wconf 87' lang='lat' dir='ltr'><strong>aut</strong></span> <span class='ocrx_word' id='word_1_185' title='bbox 994 1774 1218 1815; x_wconf 88' lang='lat' dir='ltr'><strong>restituent</strong></span> <span class='ocrx_word' id='word_1_186' title='bbox 1239 1775 1280 1814; x_wconf 93' lang='lat' dir='ltr'><strong>in</strong></span> <span class='ocrx_word' id='word_1_187' title='bbox 1303 1773 1508 1822; x_wconf 87' lang='lat' dir='ltr'><strong>futurum,</strong></span> <span class='ocrx_word' id='word_1_188' title='bbox 1532 1771 1623 1812; x_wconf 82' lang='lat' dir='ltr'><strong>dic-</strong></span> 
     </span>
     <span class='ocr_line' id='line_1_26' title="bbox 86 1830 1623 1888; baseline -0.004 -12"><span class='ocrx_word' id='word_1_189' title='bbox 86 1843 226 1876; x_wconf 92' lang='lat' dir='ltr'><strong>torum</strong></span> <span class='ocrx_word' id='word_1_190' title='bbox 248 1833 522 1875; x_wconf 88' lang='lat' dir='ltr'><strong>dominorum</strong></span> <span class='ocrx_word' id='word_1_191' title='bbox 547 1832 836 1874; x_wconf 83' lang='lat' dir='ltr'><strong>Cardinalium</strong></span> <span class='ocrx_word' id='word_1_192' title='bbox 858 1840 986 1888; x_wconf 87' lang='lat' dir='ltr'><strong>atque</strong></span> <span class='ocrx_word' id='word_1_193' title='bbox 1006 1840 1155 1873; x_wconf 86' lang='lat' dir='ltr'><strong>nostro</strong></span> <span class='ocrx_word' id='word_1_194' title='bbox 1176 1831 1348 1873; x_wconf 90' lang='lat' dir='ltr'><strong>nomine</strong></span> <span class='ocrx_word' id='word_1_195' title='bbox 1370 1831 1424 1872; x_wconf 88' lang='lat' dir='ltr'><strong>de</strong></span> <span class='ocrx_word' id='word_1_196' title='bbox 1444 1830 1623 1885; x_wconf 86' lang='lat' dir='ltr'><strong>receptis</strong></span> 
     </span>
     <span class='ocr_line' id='line_1_27' title="bbox 86 1888 1621 1946; baseline -0.003 -12"><span class='ocrx_word' id='word_1_197' title='bbox 86 1900 161 1934; x_wconf 89' lang='lat' dir='ltr'><strong>aut</strong></span> <span class='ocrx_word' id='word_1_198' title='bbox 192 1890 447 1946; x_wconf 89' lang='lat' dir='ltr'><strong>recipiendis</strong></span> <span class='ocrx_word' id='word_1_199' title='bbox 479 1905 555 1945; x_wconf 88' lang='lat' dir='ltr'><strong>per</strong></span> <span class='ocrx_word' id='word_1_200' title='bbox 582 1905 657 1931; x_wconf 89' lang='lat' dir='ltr'><strong>vos</strong></span> <span class='ocrx_word' id='word_1_201' title='bbox 690 1890 744 1932; x_wconf 88' lang='lat' dir='ltr'><strong>ab</strong></span> <span class='ocrx_word' id='word_1_202' title='bbox 778 1890 938 1931; x_wconf 90' lang='lat' dir='ltr'><strong>eisdem</strong></span> <span class='ocrx_word' id='word_1_203' title='bbox 960 1890 1087 1931; x_wconf 88' lang='lat' dir='ltr'><strong>finem</strong></span> <span class='ocrx_word' id='word_1_204' title='bbox 1110 1889 1419 1945; x_wconf 84' lang='lat' dir='ltr'><strong>quietacionem</strong></span> <span class='ocrx_word' id='word_1_205' title='bbox 1442 1888 1621 1941; x_wconf 85' lang='lat' dir='ltr'><strong>faciatis,</strong></span> 
     </span>
     <span class='ocr_line' id='line_1_28' title="bbox 86 1947 1620 2004; baseline -0.002 -13"><span class='ocrx_word' id='word_1_206' title='bbox 86 1959 131 1991; x_wconf 87' lang='lat' dir='ltr'><strong>et</strong></span> <span class='ocrx_word' id='word_1_207' title='bbox 165 1958 338 2004; x_wconf 88' lang='lat' dir='ltr'><strong>pactum</strong></span> <span class='ocrx_word' id='word_1_208' title='bbox 374 1948 428 1990; x_wconf 90' lang='lat' dir='ltr'><strong>de</strong></span> <span class='ocrx_word' id='word_1_209' title='bbox 463 1947 639 1989; x_wconf 87' lang='lat' dir='ltr'><strong>ulterius</strong></span> <span class='ocrx_word' id='word_1_210' title='bbox 672 1963 759 1989; x_wconf 89' lang='lat' dir='ltr'><strong>non</strong></span> <span class='ocrx_word' id='word_1_211' title='bbox 795 1948 1000 2003; x_wconf 82' lang='lat' dir='ltr'><strong>petendo,</strong></span> <span class='ocrx_word' id='word_1_212' title='bbox 1062 1947 1152 1989; x_wconf 90' lang='lat' dir='ltr'><strong>Vos</strong></span> <span class='ocrx_word' id='word_1_213' title='bbox 1185 1949 1320 1989; x_wconf 90' lang='lat' dir='ltr'><strong>eciam</strong></span> <span class='ocrx_word' id='word_1_214' title='bbox 1348 1961 1424 2002; x_wconf 87' lang='lat' dir='ltr'><strong>pcr</strong></span> <span class='ocrx_word' id='word_1_215' title='bbox 1459 1956 1620 1989; x_wconf 85' lang='lat' dir='ltr'><strong>vestras</strong></span> 
     </span>
     <span class='ocr_line' id='line_1_29' title="bbox 86 2005 1622 2064; baseline -0.002 -15"><span class='ocrx_word' id='word_1_216' title='bbox 86 2016 279 2064; x_wconf 88' lang='lat' dir='ltr'><strong>patentes</strong></span> <span class='ocrx_word' id='word_1_217' title='bbox 315 2006 472 2056; x_wconf 83' lang='lat' dir='ltr'><strong>literas,</strong></span> <span class='ocrx_word' id='word_1_218' title='bbox 505 2006 655 2047; x_wconf 90' lang='lat' dir='ltr'><strong>harum</strong></span> <span class='ocrx_word' id='word_1_219' title='bbox 686 2005 838 2047; x_wconf 89' lang='lat' dir='ltr'><strong>seriem</strong></span> <span class='ocrx_word' id='word_1_220' title='bbox 869 2005 1150 2056; x_wconf 81' lang='lat' dir='ltr'><strong>continentes,</strong></span> <span class='ocrx_word' id='word_1_221' title='bbox 1186 2014 1259 2046; x_wconf 87' lang='lat' dir='ltr'><strong>aut</strong></span> <span class='ocrx_word' id='word_1_222' title='bbox 1291 2005 1622 2046; x_wconf 89' lang='lat' dir='ltr'><strong>instrumentum</strong></span> 
     </span>
     <span class='ocr_line' id='line_1_30' title="bbox 86 2062 1622 2121; baseline -0.001 -15"><span class='ocrx_word' id='word_1_223' title='bbox 86 2066 322 2121; x_wconf 89' lang='lat' dir='ltr'><strong>publicum,</strong></span> <span class='ocrx_word' id='word_1_224' title='bbox 344 2079 421 2105; x_wconf 89' lang='lat' dir='ltr'><strong>nos</strong></span> <span class='ocrx_word' id='word_1_225' title='bbox 443 2064 679 2106; x_wconf 86' lang='lat' dir='ltr'><strong>certificare</strong></span> <span class='ocrx_word' id='word_1_226' title='bbox 701 2063 853 2105; x_wconf 90' lang='lat' dir='ltr'><strong>curetis</strong></span> <span class='ocrx_word' id='word_1_227' title='bbox 874 2078 951 2119; x_wconf 89' lang='lat' dir='ltr'><strong>per</strong></span> <span class='ocrx_word' id='word_1_228' title='bbox 973 2073 1226 2118; x_wconf 84' lang='lat' dir='ltr'><strong>praesentem</strong></span> <span class='ocrx_word' id='word_1_229' title='bbox 1248 2062 1501 2118; x_wconf 90' lang='lat' dir='ltr'><strong>portitorem</strong></span> <span class='ocrx_word' id='word_1_230' title='bbox 1519 2063 1622 2119; x_wconf 91' lang='lat' dir='ltr'><strong>quid</strong></span> 
     </span>
     <span class='ocr_line' id='line_1_31' title="bbox 89 2121 1624 2178; baseline -0.002 -13"><span class='ocrx_word' id='word_1_231' title='bbox 89 2124 143 2165; x_wconf 89' lang='lat' dir='ltr'><strong>de</strong></span> <span class='ocrx_word' id='word_1_232' title='bbox 174 2123 294 2165; x_wconf 90' lang='lat' dir='ltr'><strong>bonis</strong></span> <span class='ocrx_word' id='word_1_233' title='bbox 325 2121 607 2178; x_wconf 86' lang='lat' dir='ltr'><strong>recuperastis</strong></span> <span class='ocrx_word' id='word_1_234' title='bbox 639 2121 878 2177; x_wconf 88' lang='lat' dir='ltr'><strong>praedictis:</strong></span> <span class='ocrx_word' id='word_1_235' title='bbox 912 2130 1145 2176; x_wconf 85' lang='lat' dir='ltr'><strong>praesentes</strong></span> <span class='ocrx_word' id='word_1_236' title='bbox 1175 2121 1288 2163; x_wconf 91' lang='lat' dir='ltr'><strong>enim</strong></span> <span class='ocrx_word' id='word_1_237' title='bbox 1318 2121 1462 2162; x_wconf 89' lang='lat' dir='ltr'><strong>literas</strong></span> <span class='ocrx_word' id='word_1_238' title='bbox 1492 2122 1624 2176; x_wconf 87' lang='lat' dir='ltr'><strong>regis-</strong></span> 
     </span>
     <span class='ocr_line' id='line_1_32' title="bbox 89 2179 1622 2236; baseline -0.002 -14"><span class='ocrx_word' id='word_1_239' title='bbox 89 2180 192 2223; x_wconf 90' lang='lat' dir='ltr'><strong>trari</strong></span> <span class='ocrx_word' id='word_1_240' title='bbox 232 2181 408 2222; x_wconf 82' lang='lat' dir='ltr'><strong>fecimus</strong></span> <span class='ocrx_word' id='word_1_241' title='bbox 449 2180 504 2222; x_wconf 90' lang='lat' dir='ltr'><strong>ad</strong></span> <span class='ocrx_word' id='word_1_242' title='bbox 544 2180 785 2229; x_wconf 80' lang='lat' dir='ltr'><strong>cautelam3</strong></span> <span class='ocrx_word' id='word_1_243' title='bbox 827 2180 881 2221; x_wconf 91' lang='lat' dir='ltr'><strong>de</strong></span> <span class='ocrx_word' id='word_1_244' title='bbox 923 2194 1101 2236; x_wconf 88' lang='lat' dir='ltr'><strong>quarum</strong></span> <span class='ocrx_word' id='word_1_245' title='bbox 1142 2179 1464 2234; x_wconf 85' lang='lat' dir='ltr'><strong>presentacione</strong></span> <span class='ocrx_word' id='word_1_246' title='bbox 1504 2179 1622 2220; x_wconf 91' lang='lat' dir='ltr'><strong>dicto</strong></span> 
     </span>
     <span class='ocr_line' id='line_1_33' title="bbox 88 2236 1622 2293; baseline -0.001 -14"><span class='ocrx_word' id='word_1_247' title='bbox 88 2239 245 2280; x_wconf 91' lang='lat' dir='ltr'><strong>nuncio</strong></span> <span class='ocrx_word' id='word_1_248' title='bbox 281 2247 428 2280; x_wconf 88' lang='lat' dir='ltr'><strong>nostro</strong></span> <span class='ocrx_word' id='word_1_249' title='bbox 458 2238 618 2293; x_wconf 90' lang='lat' dir='ltr'><strong>jurato,</strong></span> <span class='ocrx_word' id='word_1_250' title='bbox 653 2238 779 2279; x_wconf 88' lang='lat' dir='ltr'><strong>latori</strong></span> <span class='ocrx_word' id='word_1_251' title='bbox 814 2252 978 2286; x_wconf 87' lang='lat' dir='ltr'><strong>earum,</strong></span> <span class='ocrx_word' id='word_1_252' title='bbox 1012 2236 1263 2278; x_wconf 87' lang='lat' dir='ltr'><strong>adhibemus</strong></span> <span class='ocrx_word' id='word_1_253' title='bbox 1284 2237 1454 2292; x_wconf 88' lang='lat' dir='ltr'><strong>plenam</strong></span> <span class='ocrx_word' id='word_1_254' title='bbox 1476 2237 1622 2279; x_wconf 87' lang='lat' dir='ltr'><strong>fidem.</strong></span> 
     </span>
     <span class='ocr_line' id='line_1_34' title="bbox 91 2294 1623 2351; baseline -0.001 -14"><span class='ocrx_word' id='word_1_255' title='bbox 91 2297 144 2338; x_wconf 90' lang='lat' dir='ltr'><strong>In</strong></span> <span class='ocrx_word' id='word_1_256' title='bbox 174 2297 293 2351; x_wconf 89' lang='lat' dir='ltr'><strong>cujus</strong></span> <span class='ocrx_word' id='word_1_257' title='bbox 324 2296 384 2336; x_wconf 89' lang='lat' dir='ltr'><strong>rei</strong></span> <span class='ocrx_word' id='word_1_258' title='bbox 406 2296 696 2337; x_wconf 90' lang='lat' dir='ltr'><strong>testimonium</strong></span> <span class='ocrx_word' id='word_1_259' title='bbox 716 2304 947 2351; x_wconf 83' lang='lat' dir='ltr'><strong>praesentes</strong></span> <span class='ocrx_word' id='word_1_260' title='bbox 964 2294 1105 2336; x_wconf 87' lang='lat' dir='ltr'><strong>literas</strong></span> <span class='ocrx_word' id='word_1_261' title='bbox 1127 2295 1219 2335; x_wconf 88' lang='lat' dir='ltr'><strong>fieri</strong></span> <span class='ocrx_word' id='word_1_262' title='bbox 1236 2294 1412 2335; x_wconf 87' lang='lat' dir='ltr'><strong>fecimus</strong></span> <span class='ocrx_word' id='word_1_263' title='bbox 1434 2303 1477 2335; x_wconf 90' lang='lat' dir='ltr'><strong>et</strong></span> <span class='ocrx_word' id='word_1_264' title='bbox 1497 2294 1623 2351; x_wconf 83' lang='lat' dir='ltr'><strong>sigilli</strong></span> 
     </span>
     <span class='ocr_line' id='line_1_35' title="bbox 90 2351 1622 2408; baseline -0.001 -14"><span class='ocrx_word' id='word_1_265' title='bbox 90 2353 225 2394; x_wconf 89' lang='lat' dir='ltr'><strong>nostri</strong></span> <span class='ocrx_word' id='word_1_266' title='bbox 265 2354 523 2408; x_wconf 88' lang='lat' dir='ltr'><strong>appensione</strong></span> <span class='ocrx_word' id='word_1_267' title='bbox 555 2353 725 2394; x_wconf 86' lang='lat' dir='ltr'><strong>muniri.</strong></span> <span class='ocrx_word' id='word_1_268' title='bbox 789 2353 917 2393; x_wconf 89' lang='lat' dir='ltr'><strong>Datae</strong></span> <span class='ocrx_word' id='word_1_269' title='bbox 954 2352 996 2392; x_wconf 90' lang='lat' dir='ltr'><strong>in</strong></span> <span class='ocrx_word' id='word_1_270' title='bbox 1034 2353 1207 2393; x_wconf 90' lang='lat' dir='ltr'><strong>civitate</strong></span> <span class='ocrx_word' id='word_1_271' title='bbox 1240 2351 1513 2400; x_wconf 74' lang='lat' dir='ltr'><strong>Eboracensi,</strong></span> <span class='ocrx_word' id='word_1_272' title='bbox 1552 2351 1622 2393; x_wconf 88' lang='lat' dir='ltr'><strong>die</strong></span> 
     </span>
     <span class='ocr_line' id='line_1_36' title="bbox 91 2409 1624 2467; baseline -0.001 -15"><span class='ocrx_word' id='word_1_273' title='bbox 91 2419 243 2467; x_wconf 84' lang='lat' dir='ltr'><strong>quarta</strong></span> <span class='ocrx_word' id='word_1_274' title='bbox 272 2410 425 2451; x_wconf 91' lang='lat' dir='ltr'><strong>mensis</strong></span> <span class='ocrx_word' id='word_1_275' title='bbox 458 2410 586 2460; x_wconf 83' lang='lat' dir='ltr'><strong>Junii,</strong></span> <span class='ocrx_word' id='word_1_276' title='bbox 624 2425 736 2452; x_wconf 87' lang='lat' dir='ltr'><strong>anno</strong></span> <span class='ocrx_word' id='word_1_277' title='bbox 772 2409 949 2450; x_wconf 88' lang='lat' dir='ltr'><strong>Domini</strong></span> <span class='ocrx_word' id='word_1_278' title='bbox 970 2411 1282 2452; x_wconf 74' lang='lat' dir='ltr'>M⁰CCC⁰XIX¹¹¹⁰.</span> <span class='ocrx_word' id='word_1_279' title='bbox 1350 2409 1482 2450; x_wconf 87' lang='lat' dir='ltr'><strong>Unde</strong></span> <span class='ocrx_word' id='word_1_280' title='bbox 1503 2423 1624 2451; x_wconf 88' lang='lat' dir='ltr'><strong>reve-</strong></span> 
     </span>
     <span class='ocr_line' id='line_1_37' title="bbox 90 2466 1623 2522; baseline 0 -13"><span class='ocrx_word' id='word_1_281' title='bbox 90 2468 247 2510; x_wconf 84' lang='lat' dir='ltr'><strong>renciae</strong></span> <span class='ocrx_word' id='word_1_282' title='bbox 269 2477 422 2509; x_wconf 88' lang='lat' dir='ltr'><strong>vestrae</strong></span> <span class='ocrx_word' id='word_1_283' title='bbox 444 2469 613 2509; x_wconf 87' lang='lat' dir='ltr'><strong>noticiae</strong></span> <span class='ocrx_word' id='word_1_284' title='bbox 636 2467 883 2509; x_wconf 88' lang='lat' dir='ltr'><strong>deducimus</strong></span> <span class='ocrx_word' id='word_1_285' title='bbox 905 2481 980 2521; x_wconf 88' lang='lat' dir='ltr'><strong>per</strong></span> <span class='ocrx_word' id='word_1_286' title='bbox 996 2475 1238 2521; x_wconf 78' lang='lat' dir='ltr'><strong>praesentes,</strong></span> <span class='ocrx_word' id='word_1_287' title='bbox 1257 2466 1373 2522; x_wconf 89' lang='lat' dir='ltr'><strong>quod</strong></span> <span class='ocrx_word' id='word_1_288' title='bbox 1391 2482 1415 2508; x_wconf 87' lang='lat' dir='ltr'><strong>a</strong></span> <span class='ocrx_word' id='word_1_289' title='bbox 1432 2475 1623 2521; x_wconf 88' lang='lat' dir='ltr'><strong>tempore</strong></span> 
     </span>
     <span class='ocr_line' id='line_1_38' title="bbox 91 2523 1623 2583; baseline 0.001 -17"><span class='ocrx_word' id='word_1_290' title='bbox 91 2542 178 2583; x_wconf 93' lang='lat' dir='ltr'><strong>quo</strong></span> <span class='ocrx_word' id='word_1_291' title='bbox 213 2528 368 2566; x_wconf 90' lang='lat' dir='ltr'><strong>nuncio</strong></span> <span class='ocrx_word' id='word_1_292' title='bbox 401 2525 612 2566; x_wconf 89' lang='lat' dir='ltr'><strong>dictorum</strong></span> <span class='ocrx_word' id='word_1_293' title='bbox 650 2525 918 2566; x_wconf 89' lang='lat' dir='ltr'><strong>dominorum</strong></span> <span class='ocrx_word' id='word_1_294' title='bbox 959 2523 1250 2565; x_wconf 85' lang='lat' dir='ltr'><strong>Cardinalium</strong></span> <span class='ocrx_word' id='word_1_295' title='bbox 1283 2525 1338 2565; x_wconf 93' lang='lat' dir='ltr'><strong>ad</strong></span> <span class='ocrx_word' id='word_1_296' title='bbox 1371 2524 1623 2567; x_wconf 90' lang='lat' dir='ltr'><strong>mandatum</strong></span> 
     </span>
     <span class='ocr_line' id='line_1_39' title="bbox 91 2581 1620 2637; baseline -0.001 -12"><span class='ocrx_word' id='word_1_297' title='bbox 91 2584 325 2631; x_wconf 89' lang='lat' dir='ltr'><strong>eorundem</strong></span> <span class='ocrx_word' id='word_1_298' title='bbox 347 2583 532 2624; x_wconf 88' lang='lat' dir='ltr'><strong>diversas</strong></span> <span class='ocrx_word' id='word_1_299' title='bbox 554 2598 619 2624; x_wconf 89' lang='lat' dir='ltr'><strong>res</strong></span> <span class='ocrx_word' id='word_1_300' title='bbox 642 2591 742 2624; x_wconf 90' lang='lat' dir='ltr'><strong>tunc</strong></span> <span class='ocrx_word' id='word_1_301' title='bbox 764 2590 1035 2637; x_wconf 82' lang='lat' dir='ltr'><strong>recuperatas</strong></span> <span class='ocrx_word' id='word_1_302' title='bbox 1058 2590 1100 2623; x_wconf 90' lang='lat' dir='ltr'><strong>et</strong></span> <span class='ocrx_word' id='word_1_303' title='bbox 1121 2589 1313 2636; x_wconf 89' lang='lat' dir='ltr'><strong>receptas</strong></span> <span class='ocrx_word' id='word_1_304' title='bbox 1334 2581 1620 2634; x_wconf 85' lang='lat' dir='ltr'><strong>liberavimus,</strong></span> 
     </span>
     <span class='ocr_line' id='line_1_40' title="bbox 91 2639 1624 2696; baseline -0.001 -13"><span class='ocrx_word' id='word_1_305' title='bbox 91 2642 188 2696; x_wconf 90' lang='lat' dir='ltr'><strong>ipsis</strong></span> <span class='ocrx_word' id='word_1_306' title='bbox 223 2641 485 2690; x_wconf 85' lang='lat' dir='ltr'><strong>deferendas,</strong></span> <span class='ocrx_word' id='word_1_307' title='bbox 520 2640 649 2682; x_wconf 92' lang='lat' dir='ltr'><strong>nichil</strong></span> <span class='ocrx_word' id='word_1_308' title='bbox 682 2640 918 2696; x_wconf 89' lang='lat' dir='ltr'><strong>recepimus</strong></span> <span class='ocrx_word' id='word_1_309' title='bbox 956 2639 1009 2680; x_wconf 93' lang='lat' dir='ltr'><strong>de</strong></span> <span class='ocrx_word' id='word_1_310' title='bbox 1031 2640 1152 2681; x_wconf 90' lang='lat' dir='ltr'><strong>bonis</strong></span> <span class='ocrx_word' id='word_1_311' title='bbox 1174 2654 1334 2690; x_wconf 89' lang='lat' dir='ltr'><strong>eorum,</strong></span> <span class='ocrx_word' id='word_1_312' title='bbox 1358 2639 1511 2696; x_wconf 88' lang='lat' dir='ltr'><strong>quibus</strong></span> <span class='ocrx_word' id='word_1_313' title='bbox 1531 2640 1624 2682; x_wconf 88' lang='lat' dir='ltr'><strong>fue-</strong></span> 
     </span>
     <span class='ocr_line' id='line_1_41' title="bbox 93 2697 1623 2753; baseline 0 -13"><span class='ocrx_word' id='word_1_314' title='bbox 93 2709 186 2740; x_wconf 86' lang='lat' dir='ltr'><strong>rant</strong></span> <span class='ocrx_word' id='word_1_315' title='bbox 218 2700 400 2753; x_wconf 86' lang='lat' dir='ltr'><strong>spoliati‚</strong></span> <span class='ocrx_word' id='word_1_316' title='bbox 432 2699 508 2740; x_wconf 90' lang='lat' dir='ltr'><strong>nisi</strong></span> <span class='ocrx_word' id='word_1_317' title='bbox 532 2714 661 2740; x_wconf 88' lang='lat' dir='ltr'><strong>unum</strong></span> <span class='ocrx_word' id='word_1_318' title='bbox 684 2699 851 2740; x_wconf 87' lang='lat' dir='ltr'><strong>bastum</strong></span> <span class='ocrx_word' id='word_1_319' title='bbox 874 2707 1074 2748; x_wconf 88' lang='lat' dir='ltr'><strong>veterem,</strong></span> <span class='ocrx_word' id='word_1_320' title='bbox 1101 2711 1225 2739; x_wconf 88' lang='lat' dir='ltr'><strong>unam</strong></span> <span class='ocrx_word' id='word_1_321' title='bbox 1248 2698 1407 2739; x_wconf 87' lang='lat' dir='ltr'><strong>cofram</strong></span> <span class='ocrx_word' id='word_1_322' title='bbox 1429 2698 1483 2739; x_wconf 90' lang='lat' dir='ltr'><strong>de</strong></span> <span class='ocrx_word' id='word_1_323' title='bbox 1505 2697 1623 2752; x_wconf 86' lang='lat' dir='ltr'><strong>ligno</strong></span> 
     </span>
     <span class='ocr_line' id='line_1_42' title="bbox 93 2756 1621 2814; baseline -0.001 -16"><span class='ocrx_word' id='word_1_324' title='bbox 93 2758 203 2799; x_wconf 83' lang='lat' dir='ltr'><strong>ferro</strong></span> <span class='ocrx_word' id='word_1_325' title='bbox 235 2757 422 2813; x_wconf 82' lang='lat' dir='ltr'><strong>ligatam,</strong></span> <span class='ocrx_word' id='word_1_326' title='bbox 459 2766 499 2800; x_wconf 87' lang='lat' dir='ltr'><strong>et</strong></span> <span class='ocrx_word' id='word_1_327' title='bbox 533 2772 660 2801; x_wconf 79' lang='lat' dir='ltr'><strong>unam</strong></span> <span class='ocrx_word' id='word_1_328' title='bbox 682 2756 897 2813; x_wconf 82' lang='lat' dir='ltr'><strong>capsulam</strong></span> <span class='ocrx_word' id='word_1_329' title='bbox 919 2756 1143 2808; x_wconf 87' lang='lat' dir='ltr'><strong>modicam,</strong></span> <span class='ocrx_word' id='word_1_330' title='bbox 1168 2757 1210 2798; x_wconf 92' lang='lat' dir='ltr'><strong>in</strong></span> <span class='ocrx_word' id='word_1_331' title='bbox 1232 2771 1315 2813; x_wconf 84' lang='lat' dir='ltr'><strong>qua</strong></span> <span class='ocrx_word' id='word_1_332' title='bbox 1337 2756 1507 2799; x_wconf 84' lang='lat' dir='ltr'><strong>fuerunt</strong></span> <span class='ocrx_word' id='word_1_333' title='bbox 1531 2757 1621 2814; x_wconf 85' lang='lat' dir='ltr'><strong>qui-</strong></span> 
     </span>
    </p>
   </div>
  </div>
 </body>
</html>
