1807 2962
3 227 32 289 [

478 80 807 113 WILLIELMUS
833 81 898 113 DE
927 80 1191 114 CHAMBRE2
1505 76 1598 120 135

67 200 150 229 non
178 188 333 238 sufflat,
365 195 410 230 et
445 187 566 230 Prior
592 188 808 230 Johannes
830 203 961 230 senex
982 192 1066 240 [et]
1089 188 1298 244 impotens
1320 199 1424 241 ciat,
1455 192 1595 235 Abbas

66 254 224 288 sanctae
257 246 410 287 Mariae
441 245 720 288 Eboracensis
755 246 970 288 servitium
1002 256 1269 288 mortuorum
1292 256 1336 288 et
1359 247 1525 290 missam
1548 253 1589 292 in

65 305 249 346 crastino
285 304 538 353 celebravit3
573 304 627 346 ad
663 318 790 360 quam
812 304 941 346 oblati
963 304 1136 346 fuerunt
1159 313 1256 346 octo
1273 305 1384 361 equi,
1409 315 1592 362 quatuor

64 375 144 417 pro
174 369 366 416 tempore
394 377 577 418 guerrae,
601 376 702 403 cum
718 370 901 418 quatuor
921 361 1163 403 hominibus
1185 363 1369 414 armatis,
1392 373 1436 405 et
1456 366 1592 405 omni-

64 420 143 462 bus
167 420 292 461 armis
314 428 355 461 et
376 429 577 474 appaiatu
601 434 762 470 comm,
786 429 828 461 et
857 428 1041 475 quatuor
1062 435 1139 475 pro
1162 428 1351 474 tempore
1371 422 1515 476 pacis3
1548 432 1591 464 et

63 485 150 519 tres
166 477 294 532 panni
315 477 445 527 aurei,
469 477 597 519 indici
620 477 786 527 coloris,
810 492 906 518 cum
928 478 1102 519 floribus
1125 477 1311 520 intextis,
1376 479 1486 521 Item
1515 480 1590 522 Sa-

63 534 191 578 crista
225 535 374 577 habuit
406 544 648 590 nongentos
683 543 726 576 et
761 535 1067 591 quinquaginta
1100 535 1228 577 libras
1259 551 1383 588 cerae,
1419 545 1462 578 et
1494 553 1589 579 sex-

63 593 208 647 aginta
238 602 396 650 torgyS,
429 594 542 635 circa
571 592 931 647 eorpus'ejusdem
951 608 961 642 ς
985 603 1027 634 et
1047 593 1186 635 statim
1209 594 1406 635 dominus
1427 595 1589 636 Johan-

62 665 153 700 ne5‚
196 651 306 692 filius
340 652 429 707 ejus
462 660 505 693 et
542 651 693 700 haeres,
727 650 831 692 emit
866 666 891 692 a
928 651 1077 692 Priore
1112 660 1156 692 et
1197 652 1382 694 Sacrista
1403 661 1588 708 quatuor

60 708 256 750 meliores
292 724 424 765 equos
457 723 535 764 pro
567 717 738 750 centum
774 710 938 759 marcis,
973 718 1016 750 et
1044 718 1194 764 postea
1222 709 1361 751 eidem
1385 725 1511 752 unse]
1515 720 1590 753 unt

65 765 188 807 Prior
220 775 264 807 et
303 767 550 809 Conventus
580 766 688 808 alios
724 775 907 822 quatuor
939 781 1072 832 equos
1109 782 1206 808 cum
1238 783 1327 809 suno
1359 767 1412 809 de
1435 770 1586 823 pannis

60 823 209 875 aureis,
242 833 285 866 et
315 824 540 866 duodecim
563 824 706 880 torgiS‚
731 838 808 874 pro
829 824 1012 880 quibus
1001 839 1090 879 ipse
1112 825 1271 866 remisit
1292 825 1393 866 alias
1416 836 1583 868 centum

60 895 234 923 mar.cas
286 882 409 933 Item,
432 883 572 924 statim
601 882 655 923 de
677 881 843 923 duobus
863 882 1012 937 pannis
1034 881 1170 924 aureis
1193 882 1290 924 fecit
1313 898 1441 925 unum
1464 885 1589 926 vesti-

62 947 252 981 mentum
291 954 386 981 cum
429 940 592 981 duabus
625 939 775 981 tunicis
812 955 890 995 pro
923 940 1071 982 diebus
1105 955 1234 996 capax
1239 956 1305 982 um
1322 950 1371 983 et
1393 942 1584 996 ejusdem

60 997 359 1039 anniversario.
420 998 532 1039 Item
558 997 695 1039 Alicia
717 1012 826 1038 uxor
848 998 1036 1052 ejusdem
1062 998 1291 1052 Radulphi,
1323 1000 1466 1041 statim
1488 1010 1587 1055 post

60 1054 368 1096 funeiationem
402 1056 503 1110 ejus,
527 1055 638 1096 misit
663 1056 859 1097 Sacristae
879 1056 1173 1106 Duuelmensi‚
1197 1057 1251 1098 ad
1273 1057 1584 1112 repaiationem

61 1112 265 1162 ecclesiae,
299 1123 468 1154 centum
502 1122 543 1154 et
565 1112 713 1167 viginti
735 1113 861 1154 libras
883 1114 1061 1166 algenti.
1126 1114 1236 1155 Item
1256 1115 1407 1157 eadem
1432 1115 1583 1165 Anaia,

60 1184 139 1225 pro
151 1170 438 1212 anniversario
458 1171 671 1225 Radulphi
690 1180 733 1212 et
748 1186 839 1221 suo,
856 1171 975 1212 dedit
997 1171 1186 1212 eeclesiae
1203 1187 1336 1213 unum
1358 1173 1586 1214 vestimen—

62 1237 150 1268 tum
172 1243 268 1269 cum
293 1228 459 1270 duobus
485 1229 637 1270 tunicis
660 1237 702 1270 et
728 1229 861 1269 tribus
882 1229 986 1270 albis
1004 1238 1044 1270 et
1066 1230 1234 1270 duobus
1254 1230 1372 1271 stolis
1389 1239 1433 1271 et
1449 1230 1583 1272 tribus

59 1285 280 1340 manipulis
312 1286 366 1327 de
399 1286 519 1342 nigro
549 1287 672 1336 satin,
695 1301 792 1327 cum
818 1286 965 1328 orariis
998 1287 1050 1327 de
1072 1286 1197 1328 armis
1219 1287 1322 1328 dicti
1350 1287 1581 1343 Radulphi‚

60 1352 103 1384 et
134 1343 295 1384 domini
331 1344 539 1400 Audeley‚
562 1343 694 1399 patris
716 1344 904 1400 ejusdem
929 1343 1091 1394 Aueiae,
1112 1345 1314 1388 brudatis.
1379 1345 1487 1387 Item
1511 1345 1584 1387 de-

58 1400 123 1442 dit
147 1401 283 1444 Priori
305 1417 436 1443 unum
458 1402 616 1443 lectum
638 1401 691 1442 de
712 1402 833 1455 nigro
846 1402 1028 1443 ,sindone
1044 1417 1146 1443 cum
1169 1402 1257 1456 ejus
1279 1402 1403 1443 armis
1426 1402 1583 1453 insutis,

59 1474 156 1500 eum
190 1459 363 1501 cortinis
394 1469 437 1501 et
470 1459 757 1515 pulvinaribus
789 1468 831 1500 et
862 1459 1051 1513 pluribus
1084 1459 1216 1500 laneis
1249 1459 1378 1516 nim-is
1413 1462 1581 1526 tapetis.

62 1516 206 1557 Item
197 1532 238 1557 m
261 1517 539 1559 Testamento
560 1532 636 1558 suo
657 1516 776 1558 dedit
802 1516 937 1558 Priori
956 1525 997 1558 et
1016 1517 1252 1559 Conventui
1273 1517 1584 1573 quinquaginta

58 1574 185 1615 libras
217 1589 338 1625 cerae,
362 1585 406 1616 et
436 1574 632 1616 videlicet
654 1574 829 1615 cuilibet
852 1575 1071 1617 Monacho
1096 1575 1373 1616 Dunelmensi
1394 1590 1582 1618 commo-

54 1633 166 1674 ranti
200 1632 463 1674 xx⁵.1tern
494 1632 643 1673 habuit
665 1632 841 1673 sacrista
863 1641 1095 1674 trescentas
1118 1633 1242 1674 libras
1264 1647 1373 1674 cerae
1395 1642 1439 1674 et
1459 1633 1582 1689 quin-

56 1690 260 1745 quaginta
280 1698 438 1744 torgys,
463 1698 505 1731 et
536 1704 660 1743 super
691 1704 842 1744 eorpus
875 1690 1062 1745 ejusdem
1096 1690 1202 1731 duos
1224 1705 1386 1744 pannos
1404 1706 1552 1732 aureos
1572 1708 1583 1740 3

56 1762 186 1788 unum
223 1747 401 1788 rubeum
443 1762 539 1788 cum
580 1747 753 1788 floribus
789 1747 1017 1788 sarracenis
1055 1747 1239 1798 intextis,
1275 1748 1329 1789 cle
1366 1763 1451 1804 quo
1485 1748 1586 1790 fecit

57 1819 183 1845 unam
215 1819 364 1859 capam
395 1819 491 1845 cum
514 1805 652 1845 orario
684 1804 737 1845 de
770 1804 935 1846 velveto
957 1805 1084 1846 indici
1117 1806 1270 1846 coloris
1291 1820 1387 1846 cum
1410 1805 1517 1847 lunis
1540 1815 1583 1848 et

56 1862 187 1903 stellis
218 1862 436 1911 brudatis;
470 1871 512 1903 et
542 1876 598 1902 ex
628 1862 711 1903 allo
733 1876 873 1915 panno
894 1877 1025 1903 aureo
1048 1863 1170 1916 nigro
1192 1877 1287 1904 curn
1311 1863 1437 1904 ramis
1459 1864 1582 1905 arbo-

56 1935 149 1961 rum
182 1929 226 1962 et
258 1919 367 1960 foliis
389 1929 432 1961 et
467 1920 614 1961 bestiis
645 1929 687 1960 et
716 1919 820 1960 albis
839 1919 945 1960 rosis
967 1919 1009 1959 in
1032 1920 1184 1960 finibus
1206 1935 1433 1971 ramorum,
1457 1921 1583 1962 aliam

56 1991 205 2032 capam
241 1985 283 2019 et
314 1977 417 2018 alios
448 1977 556 2019 duos
577 1992 739 2032 pannos
760 1977 814 2018 de
846 1977 980 2018 serico
1012 1977 1131 2019 rubei
1153 1978 1320 2028 eoloris,
1344 1978 1399 2019 de
1429 1978 1580 2034 quibus

55 2034 155 2083 fecit
176 2035 263 2076 duo
284 2034 546 2080 vestimenta.
603 2034 715 2076 Haec
738 2034 877 2076 Alicia
897 2035 951 2075 de
976 2034 1143 2076 Neville
1165 2035 1332 2090 sepulta
1353 2045 1442 2077 erat
1471 2051 1583 2077 anno

60 2092 215 2134 Christi
243 2093 418 2145 1374.*]

115 2150 240 2199 Item,
263 2159 361 2205 post
392 2157 572 2191 mortem
604 2149 736 2204 patris
767 2149 830 2189 sui
865 2148 1096 2204 Radulphi‚
1130 2149 1332 2192 dominus
1361 2150 1582 2193 ,Iohannes

54 2207 111 2248 de
135 2207 289 2257 Nevill‚
313 2207 429 2248 dicto
454 2208 612 2248 Sancto
633 2206 939 2255 devotissimus,
964 2217 1006 2248 et
1027 2207 1162 2247 fidelis
1180 2207 1269 2261 ejus
1285 2207 1414 2257 filius,
1434 2208 1486 2248 ad
1506 2222 1582 2248 ex-

56 2264 301 2306 citationem
327 2264 501 2306 Ricardi
532 2264 587 2305 de
610 2264 788 2320 'Byrtley
811 2263 974 2305 terrarii
996 2273 1038 2305 et
1057 2264 1262 2305 Johannis
1285 2265 1338 2306 de
1364 2265 1580 2306 Cornuale

56 2321 279 2371 feretrarii,
310 2321 411 2363 fecit
445 2324 575 2376 [circa
596 2323 756 2373 sesima
797 2322 1040 2362 Nativitatz's
1075 2323 1217 2363 Sanc-ti
1235 2324 1441 2365 Jolzanm‘s
1462 2323 1581 2373 Bap-

56 2381 178 2428 tistoe,
207 2393 316 2420 anno
349 2381 522 2420 Domini
554 2377 871 2430 MCCCLXX11.†]
904 2393 1059 2418 novum
1089 2393 1196 2432 opus
1225 2393 1504 2419 marmoreum
1537 2388 1582 2418 et

56 2435 359 2476 alabastrinum
381 2436 459 2475 sub
490 2435 645 2476 feretro
677 2434 811 2475 sancti
835 2435 1058 2475 Cuthberti
1077 2449 1088 2482 3
1120 2449 1197 2488 pro
1220 2450 1304 2490 quo
1325 2434 1451 2476 solvit
1470 2436 1583 2489 plus-

56 2507 183 2548 quam
207 2495 290 2532 200
311 2492 437 2533 libras
459 2491 638 2546 argenti.
704 2491 761 2531 Et
777 2491 876 2532 fecit
900 2491 1139 2531 Londoniae
1161 2491 1202 2532 in
1225 2492 1381 2533 cistulis
1403 2491 1579 2541 includi,

58 2559 101 2591 et
121 2564 196 2605 per
217 2564 332 2591 mare
347 2563 477 2605 usque
496 2548 550 2589 ad
571 2548 741 2588 Novum
760 2549 958 2589 Castrum
981 2548 1211 2599 transferrI,
1235 2558 1279 2590 et
1305 2549 1427 2590 Prior
1449 2564 1582 2603 usque

376 2700 391 2717 ’¹‘
418 2696 590 2728 DURHAM
609 2694 742 2728 Wuts
766 2696 832 2728 and
856 2697 1131 2729 INVENTORIES.
1154 2707 1186 2738 p.
1213 2699 1269 2728 26.

297 2745 323 2782 †
351 2741 465 2774 These
484 2740 590 2773 words
607 2750 707 2773 occur
722 2742 758 2773 in
776 2741 834 2773 the
848 2741 992 2785 margin,
1008 2741 1042 2773 in
1060 2752 1079 2773 a
1096 2740 1258 2774 different
1277 2742 1378 2776 hand.
