1807 2962
491 97 761 130 APPENDIX.
790 98 913 130 ANN.
943 99 1199 133 MCCCCLV.
1386 106 1610 141 CCCXXXV

79 201 280 243 fabricam
314 209 356 243 et
399 202 602 245 feretrum
648 205 822 247 Patroni
863 207 996 248 nostri
1036 207 1285 248 sanctissimi
1327 212 1607 264 proculdubio

79 259 266 301 funditus
303 260 502 312 dirueret,
538 271 582 303 et
614 263 667 304 ad
699 272 857 305 terram
889 264 1273 319 irrecuparabiliter
1301 277 1604 322 prosterneret,

77 318 178 375 quia
199 318 295 359 illuc
317 319 520 374 precipue
537 320 721 362 minatur
734 322 912 363 ruinam.
975 321 1067 363 Nos
1085 323 1234 373 eciam,
1253 324 1452 379 quociens
1469 331 1607 381 gravis

78 385 306 431 tempestas
339 378 557 432 ingruerit,
592 378 753 433 ingenti
785 379 970 433 percussi
992 395 1165 434 pavore,
1196 391 1308 422 metu
1334 384 1479 425 mortis
1500 386 1607 427 sisti-

77 448 169 474 mus
201 434 255 475 ad
287 434 442 486 divina,
467 436 701 491 periculum
733 436 955 478 imminens
986 437 1213 482 intuentes,
1282 438 1497 486 Quocirca
1519 458 1609 485 ves-

78 500 188 533 tram
229 493 598 547 praeeminenciam
637 495 915 536 reverendam
956 495 1212 537 unanimiter
1243 495 1528 551 imploramus,
1561 512 1609 542 ut

77 550 282 601 ecclesiae,
302 566 467 606 sponsae
486 561 653 603 vestrae,
673 553 869 607 sponsale
883 552 1173 595 fulcimentum
1191 562 1235 594 et
1249 555 1479 597 subsidium
1495 558 1607 600 salu-

75 609 303 650 berrimum
322 609 559 663 providere,
578 625 744 652 necnon
762 609 1025 652 sanissimum
1039 620 1192 653 vestrae
1209 612 1452 666 prudenciae
1469 616 1606 658 consi,

75 668 178 708 lium
200 667 359 722 pariter
380 676 421 708 et
445 668 648 722 juvamen
670 668 917 722 impendere
948 668 1211 723 dignaretur.
1274 670 1331 711 Et
1360 672 1462 727 quid
1483 688 1609 729 super

74 726 154 767 hiis
190 725 401 766 censuerit
442 725 699 775 faciendum,
743 734 894 767 vestrae
935 727 1301 768 reverendissimae
1337 732 1605 783 paternitatis

75 783 170 825 filiis
187 797 262 838 per
283 783 505 838 scripturm
529 784 794 825 committere
816 793 858 825 et
879 784 1195 839 beneplacitum
1223 787 1387 839 aperire
1409 787 1608 842 dignetur

76 841 222 883 eadem
246 841 478 897 paternitas
508 842 770 890 reverenda3
803 856 929 897 quam
963 841 1004 882 in
1039 857 1204 885 summa
1236 845 1516 898 prosperitate
1551 847 1606 888 ad

75 900 277 940 solacium
314 899 377 940 sui
413 901 556 956 gregis
593 900 749 955 dirigat
783 899 823 939 in
860 900 1034 954 agendis
1069 915 1146 955 per
1187 910 1378 955 tempora
1412 902 1606 958 longiora

74 957 238 999 fructus
261 958 368 999 uteri
391 957 617 1012 virginalis.
681 958 797 999 Data
830 958 1076 1009 Dunenlmi,
1114 959 1153 999 in
1189 958 1333 1000 Domo
1355 969 1498 1003 nostra
1521 963 1604 1004 Ca-

73 1015 257 1071 pitulari,
276 1017 462 1058 secundo
473 1016 541 1057 die
557 1015 711 1057 mensis
728 1015 934 1067 Januarii,
957 1017 1034 1058 sub
1049 1017 1180 1058 altera
1196 1026 1315 1072 parte
1332 1017 1456 1073 sigilli
1473 1022 1603 1062 nostri

71 1074 321 1118 communis.
388 1072 610 1132 [1445-6.]

130 1134 450 1186 Superscripeio.
516 1132 886 1175 Reverendissimo
923 1132 964 1173 iu
999 1132 1169 1174 Christo
1205 1134 1314 1187 patri
1349 1141 1393 1175 et
1429 1134 1602 1178 domino

71 1191 248 1232 domino
277 1192 468 1232 Roberto
489 1191 574 1232 Dei
604 1191 747 1248 gracia
781 1191 1065 1233 Dunelmensi
1096 1190 1297 1247 episcopo
1328 1207 1405 1232 suo
1427 1193 1600 1236 domino

71 1249 418 1303 singularissimO.

130 1310 399 1360 Subscripcz‘o.
461 1306 604 1348 Vestri
627 1307 885 1348 devotissimi
907 1307 980 1347 filii
1003 1316 1045 1349 et
1066 1315 1255 1348 oratores
1277 1307 1477 1363 praecipui
1501 1309 1599 1350 Wil-

73 1363 237 1407 lielmus
272 1365 393 1407 Prior
424 1374 468 1406 et
501 1364 746 1421 Capitulum
770 1365 959 1408 ecelesiae
983 1374 1131 1407 vestrae
1159 1365 1410 1407 cathedralis
1433 1366 1597 1408 Dunel-·²

72 1425 238 1466 mensis.

377 1699 495 1729 CCLI.
532 1698 698 1726 LITERA
730 1696 915 1724 PRIORIS
949 1696 1288 1727 DUNELMENSIS.

585 1792 688 1836 [Reg.
706 1791 782 1823 ΙΙΙ.
801 1791 901 1823 Parv.
917 1789 942 1822 f.
960 1792 1002 1822 83
1019 1791 1071 1833 b.]

128 1889 381 1934 Reverende
423 1887 606 1937 domine,
659 1884 857 1926 cordialis
908 1883 1150 1925 dileccionis
1191 1883 1454 1925 affluenciam
1496 1900 1593 1928 cum

64 1952 215 1994 salute.
281 1948 405 1991 Licet
446 1956 597 1987 vestrae
639 1943 893 1985 venerandae
945 1957 1140 1997 personae
1182 1942 1236 1983 ad
1286 1942 1457 1997 plenum
1507 1958 1593 1984 non

65 2010 292 2051 habeamus
325 2004 539 2054 noticiam,
572 2002 868 2043 nichilominus
901 2010 1053 2041 vestrae
1083 1999 1307 2055 probitatis
1339 2000 1518 2054 insignia
1548 2010 1593 2042 et

66 2068 219 2109 merita
238 2064 422 2121 gloriosa
452 2077 528 2118 per
558 2060 814 2102 confratrem
845 2072 1037 2100 nostrum
1060 2057 1280 2099 dominum
1306 2057 1590 2100 Willielmum

66 2127 216 2175 Seton,
259 2123 330 2180 qui
354 2123 445 2178 jam
485 2134 620 2174 nuper
661 2119 878 2158 vobiscum
918 2117 1057 2157 fuerat
1098 2115 1332 2157 honorifice
1372 2117 1588 2166 invitatus,

65 2184 203 2238 aptius
226 2190 436 2230 enarrata,
460 2193 536 2219 nos
563 2175 852 2231 multipliciter
884 2183 1137 2229 promovent
1160 2183 1204 2214 et
1234 2174 1459 2214 hortantur
1494 2188 1591 2215 nos-

64 2250 177 2282 trum
198 2253 413 2281 assensum
437 2245 478 2278 et
498 2236 685 2276 savorem
710 2242 862 2274 vestrae
885 2232 966 2286 piae
988 2230 1210 2286 peticionis
1232 2230 1449 2272 desideriis
1472 2229 1591 2272 incli-

65 2313 191 2347 nare3
224 2307 268 2340 et
284 2299 326 2337 in
344 2296 423 2336 hiis
445 2293 718 2348 permaxime,
742 2305 838 2346 quae
861 2290 1051 2345 requiem
1070 2298 1112 2329 et
1130 2288 1333 2329 solacium
1354 2287 1590 2330 animarum

64 2355 295 2411 respiciunt
308 2353 633 2398 defunctarum3
666 2358 713 2389 ut
735 2363 760 2389 a
781 2347 1032 2388 cruciatibus
1054 2355 1097 2387 et
1118 2345 1320 2400 angustiis
1337 2346 1587 2401 purgatorii,

63 2414 97 2454 si
128 2429 230 2470 quas
260 2428 339 2469 pro
370 2408 600 2452 commissis
640 2407 758 2448 luere
799 2405 1119 2459 compellantur,
1162 2403 1349 2444 ecclesiae
1380 2403 1588 2458 suffragiis

62 2471 392 2526 suffragantibus
409 2464 737 2509 misericorditer
759 2464 1006 2506 liberentur.
1075 2461 1189 2502 Hinc
1212 2469 1290 2512 est,
1314 2461 1443 2517 quod,
1460 2461 1591 2516 juxta

62 2540 245 2571 vestram
267 2529 542 2571 affectuosam
563 2522 913 2578 postulacionem,
932 2521 1114 2561 animam
1138 2519 1270 2574 patris
1288 2519 1417 2560 vestri
1438 2531 1480 2560 et
1501 2520 1588 2560 cari

59 2588 183 2631 amici
224 2586 355 2628 nostri
395 2583 601 2626 Johannis
637 2580 830 2629 Askewe,
865 2587 1067 2635 quantuni
1102 2592 1195 2618 cum
1222 2576 1318 2618 Deo
1348 2591 1585 2631 possumus,

61 2645 345 2693 absolvimus3
377 2651 421 2685 et
462 2642 515 2682 de
552 2639 890 2695 quibuscumque
932 2635 1090 2692 injuriis
1122 2644 1165 2676 et
1197 2635 1380 2684 offensis,
1419 2636 1451 2674 si
1482 2649 1587 2690 quas

59 2714 209 2746 contra
231 2718 307 2744 nos
339 2710 381 2743 et
411 2708 599 2740 nostrum
636 2694 945 2737 Monasterium
966 2693 1288 2749 quomodolibet
1310 2693 1583 2742 contraxerit,

61 2762 200 2805 eidem
233 2762 273 2803 in
304 2760 431 2816 pleno
457 2754 656 2812 Capitulo
679 2762 822 2795 nostro
843 2752 1098 2794 beneficium
1122 2749 1401 2793 absolucionis
1424 2750 1585 2804 impen-
