1807 2962
452 74 731 111 AJP‘PENDIX·
758 75 881 107 ANN.
910 75 1163 111 mccxxx-v.
1478 70 1572 120 xliji

33 194 174 232 {totam
207 181 536 224 decimacionem
560 182 682 222 ‘bladi
715 183 907 223 ecclesiae
939 183 993 225 de
1029 183 1298 235 Hedenham‚
1333 201 1428 228 cum
1463 198 1576 232 terra

32 253 85 287 ,εἰ
110 240 421 298 pertinentibus
444 241 498 282 ad
521 251 675 281 terram
695 256 704 280 z
740 240 863 280 Prior
885 256 986 282 vero
1008 242 1062 282 de
1090 242 1374 298 Coldingham
1399 246 1575 289 habebit

34 310 174 346 2t0tam
209 298 543 340 decimacionem
576 297 691 338 bladi
725 298 900 352 capellae
930 300 985 340 de
1020 301 1195 356 Stychyl
1230 302 1375 344 domui
1410 320 1498 345 suae
1520 306 1574 347 de

36 356 343 412 Coldingham.
410 357 513 397 Post
547 356 768 396 decessum
807 371 907 398 vero
938 357 1167 399 'Willielmi
1205 359 1490 403 archidiaconi
1522 364 1576 404 de

42 416 309 470 Loudoneye
335 422 433 460 ¹tota
463 413 628 455 decima
647 413 764 454 bladi
785 413 838 454 de
859 429 989 469 parva
1012 416 1246 473 Swyntona
1267 418 1391 463 cedet
1414 419 1457 463 in
1480 436 1578 461 usus

41 472 233 530 proprios
264 473 418 513 domus
440 472 494 512 de
522 471 836 527 Coldyngham.
899 473 945 514 Si
968 487 1067 517 vero
1089 475 1324 531 contingat,
1349 488 1445 530 post
1463 493 1580 522 mor-

43 542 128 580 tem
146 529 319 571 Ricardi
341 529 483 570 vicarii
505 527 693 576 ecclesiae
715 529 769 569 de
792 529 1058 581 Hedenham‚
1079 532 1278 574 vicariam
1295 538 1576 588 augmentari,

44 591 170 638 Prior
201 588 253 628 de
287 587 588 641 Coldingham,
622 585 693 642 qui
724 601 803 641 pro
824 596 1018 643 tempore
1039 589 1180 639 fuerit,
1204 593 1480 646 respondebit
1501 609 1579 649 pro

44 646 272 695 medietate
294 645 526 699 augmenti.
595 644 649 684 Et
672 644 888 685 sciendum
913 654 974 687 est
996 648 1112 703 quod
1138 648 1260 690 Prior
1277 650 1579 693 Dunelmensis

40 704 320 760 ,respondebit
352 702 586 744 hostillario
620 702 901 743 Dunelmensi
933 703 987 745 de
1019 720 1077 745 xv
1108 706 1258 751 marcis
1286 709 1451 758 annuis,
1476 724 1579 765 quas

37 764 183 808 ⁴dictus
230 761 486 803 hostillarius
532 760 753 817 percipere
795 762 1014 809 consuevit
1056 764 1111 805 de
1153 765 1269 807 dicta
1309 766 1485 814 ecclesia
1524 768 1580 810 ,(16

49 819 324 867 Hedenham.
526 819 530 822 ’
643 819 650 821 “

475 937 544 977 De
566 936 881 977 Aumentacione
905 937 1141 983 Conventus,

102 1029 232 1077 Item,
273 1027 326 1068 ad
368 1026 541 1067 laudem
578 1035 622 1067 et
658 1027 839 1080 gloriam
877 1027 977 1078 Dei,
1022 1037 1066 1070 et
1109 1029 1268 1072 domini
1306 1034 1438 1074 nostri
1475 1035 1577 1077 Jesu

45 1085 227 1135 Christi,
267 1094 310 1126 et
343 1084 397 1125 ad
434 1084 594 1125 cultum
630 1085 816 1140 ejusdem
855 1086 896 1125 in
934 1087 1113 1129 ecclesia
1147 1088 1424 1132 Dunelmensi
1461 1102 1505 1134 et
1536 1094 1580 1134 in

42 1144 226 1185 'ecclesia
257 1143 310 1184 de
345 1142 643 1197 Coldyngham
668 1143 941 1184 dilatandum
965 1153 1007 1185 et
1030 1146 1323 1199 exaltandum,
1348 1151 1400 1191 ad
1424 1151 1583 1192 ordinis

50 1201 304 1257 profectum,
344 1201 398 1241 ad
435 1200 682 1241 memoriam
719 1211 965 1242 revocantes
998 1203 1281 1257 provisionem
1319 1216 1362 1247 et
1398 1223 1584 1250 conven-

52 1259 210 1300 tionem
248 1259 403 1299 factam
437 1268 628 1312 tempore
659 1258 786 1299 bonae
817 1259 1035 1301 memoriae
1066 1261 1274 1303 Bertrami
1308 1265 1464 1306 Prioris
1489 1267 1584 1307 Du-¹

51 1318 292 1366 nelmensis‚
327 1316 401 1357 sed
430 1331 507 1356 nec
539 1315 639 1356 dum
662 1331 796 1371 usque
823 1317 881 1357 ad
904 1325 1069 1372 tempus
1092 1319 1194 1360 dicti
1217 1321 1400 1363 Thomae
1425 1323 1583 1365 Prioris

54 1373 357 1416 Dunelmensis
391 1374 648 1423 inchoatam,
683 1374 735 1414 de
767 1374 953 1415 ecclesiis
975 1376 1028 1416 de
1053 1376 1302 1433 Lodoneya‚
1326 1380 1497 1432 scilicet,
1522 1391 1583 1433 ut,

53 1433 158 1474 sicut
200 1432 254 1473 de
296 1431 418 1473 dictis
456 1431 639 1472 ecclesiis
681 1443 939 1486 augerentur
969 1434 1162 1475 ecc-lesiae
1199 1436 1503 1481 Dunelmensis
1545 1450 1588 1483 et

54 1490 244 1532 ecclesiae
277 1490 330 1531 de
366 1490 666 1546 Coldyngham
693 1489 907 1540 redditus,
931 1503 1159 1548 augeretur
1180 1503 1221 1535 et
1242 1494 1419 1537 fratrum
1443 1513 1589 1539 nume-

53 1564 136 1599 rus,
169 1548 326 1589 scilicet
357 1548 411 1588 ad
442 1556 716 1602 augmentum
736 1548 884 1602 viginti
904 1564 1142 1591 marcarum
1165 1552 1288 1594 fieret
1309 1564 1584 1608 augmentum

54 1608 235 1647 duorum
277 1605 600 1654 monachorum,
635 1605 761 1646 unius
803 1607 917 1661 apud
949 1608 1227 1660 Dunelmum,
1266 1611 1439 1653 alterius
1472 1615 1586 1668 apud

56 1664 371 1720 Colding'ham3
419 1663 607 1704 volentes
659 1672 800 1705 autem
843 1664 1092 1718 perieulum,
1136 1667 1169 1707 si
1209 1669 1325 1724 quod
1366 1671 1586 1714 animabus

54 1722 412 1777 praedecessorum
447 1735 618 1762 suorum
655 1736 710 1762 ex
743 1721 815 1763 tali
853 1722 1119 1776 obligacione
1153 1740 1238 1766 non
1273 1728 1411 1770 soluta
1432 1745 1587 1784 prove-

56 1780 202 1830 nisset,
236 1787 441 1835 quantum
477 1778 522 1818 in
543 1778 641 1833 ipsis
670 1789 750 1829 est,
774 1779 843 1834 pia
860 1783 1154 1835 compassione
1177 1784 1377 1839 expiare3
1401 1787 1454 1828 de
1476 1803 1592 1829 com-

52 1838 172 1879 muni
209 1837 384 1878 fratrum
422 1837 599 1877 consilio
636 1845 877 1879 statuerunt
909 1840 980 1894 qui
1016 1854 1154 1894 supra,
1189 1851 1237 1882 ut
1268 1852 1429 1894 votum,
1468 1848 1588 1902 quod

52 1905 265 1941 voverunt
294 1894 626 1949 praedecessores
649 1894 713 1935 sui
737 1904 780 1936 et
802 1909 889 1936 non
911 1897 1141 1947 solverunt,
1164 1899 1218 1940 de
1241 1909 1412 1952 eaetero,
1437 1912 1523 1944 tam
1547 1905 1588 1945 in

53 1953 235 1995 ecclesia
265 1953 547 1994 Dunelmensi
579 1967 705 2009 quam
735 1952 779 1993 in
809 1954 984 1996 ecclesia
1004 1955 1057 1996 de
1082 1956 1380 2012 Coldyngham
1404 1962 1591 2004 solvere-

58 2021 155 2057 tur:
189 2011 317 2066 igitur
349 2019 600 2061 statuerunt,
633 2020 678 2052 et
708 2010 1007 2053 inviolabiliter
1031 2014 1245 2056 observari
1266 2016 1308 2056 in
1330 2029 1588 2074 perpetuum

60 2070 352 2118 decreverunt,
387 2068 440 2109 ad
474 2068 722 2114 memoriam
745 2070 1066 2115 succedencium
1089 2074 1245 2127 scripto
1267 2077 1590 2128 mandaverunt,

59 2136 107 2173 ut
127 2127 168 2167 in
191 2127 367 2168 ecclesia
389 2126 668 2172 Dunelmensi
686 2142 854 2182 semper
870 2129 952 2169 sint
974 2129 1205 2172 residentes
1225 2136 1351 2174 LXXta
1367 2136 1589 2186 monachi3

61 2185 103 2225 in
144 2184 322 2226 ecclesia
367 2199 468 2224 vero
509 2184 563 2225 de
608 2184 893 2239 Coldingham
925 2190 1054 2227 xxxta
1084 2200 1371 2242 perseverent,
1406 2206 1589 2248 excepto

63 2243 226 2283 Priore.
280 2242 413 2283 Hunc
434 2256 655 2282 numerum
678 2242 783 2282 nulli
805 2243 979 2285 omnino
1002 2245 1221 2287 hominum
1241 2248 1383 2303 aliquo
1401 2259 1593 2304 tempore

62 2301 190 2341 liceat
221 2299 467 2340 diminuere.
531 2299 617 2348 Qui
649 2313 789 2341 autem
821 2304 1171 2354 augmentaverit,
1206 2305 1417 2361 adaugeat
1438 2308 1476 2348 ei
1500 2309 1593 2349 Do-

63 2358 199 2403 minus
231 2358 416 2411 graciam
439 2357 479 2396 in
503 2359 702 2411 praesenti
734 2367 777 2398 et
808 2358 987 2412 gloriam
1018 2361 1061 2400 in
1086 2360 1232 2402 futuro
1254 2363 1342 2404 sine
1365 2365 1450 2406 fine
1473 2380 1590 2407 man-

64 2429 218 2456 suram.

128 2532 249 2582 Quod
265 2531 399 2571 nullus
421 2530 546 2571 Liber
566 2532 614 2570 de
636 2530 871 2572 Armariolo
893 2535 1169 2575 accomodetur
1188 2538 1275 2578 sine
1294 2542 1534 2582 memoriali.

128 2620 238 2661 Item
275 2628 478 2660 statutum
517 2628 582 2660 est
610 2635 686 2674 per
718 2622 891 2663 eosdem
927 2633 973 2665 ut
1006 2625 1143 2666 nullus
1166 2626 1273 2668 liber
1293 2631 1595 2673 accomodetur

68 2678 193 2718 alicui
225 2693 302 2733 per
338 2677 567 2727 librarium,
606 2678 672 2719 vel
709 2694 783 2733 per
815 2680 956 2731 alium,
993 2682 1069 2722 nisi
1105 2686 1315 2740 receperit
1352 2690 1596 2732 memoriale

64 2736 359 2792 equipollens3
382 2735 459 2776 nisi
482 2736 605 2778 fuerit
627 2737 681 2778 ad
703 2737 949 2781 instanciam
972 2740 1132 2782 domini
1159 2742 1372 2801 Episcopi,
