1807 2962
212 117 373 148 CCXXX
592 116 726 148 HIST.
750 117 986 148 DUNELM.
1019 117 1325 148 SCRIPTORES
1352 116 1491 148 TRES.

216 238 312 278 quae
339 223 683 265 Suthwermutha
704 223 872 273 dicitur,
897 238 1020 280 quarn
1040 238 1264 278 pravorum
1287 223 1526 277 malignitas
1541 223 1593 264 ab
1612 223 1744 265 eccle-

219 283 279 321 sia
301 281 435 322 multo
457 290 555 322 ante
578 281 820 330 abstulerat,
846 297 941 322 Cum
966 282 1048 322 suis
1072 280 1344 335 appendiciiS,
1368 282 1411 321 id
1434 291 1496 321 est
1523 281 1738 332 Ufferton,

223 339 408 388 {J‘i'estoib
442 339 762 388 Selceswurtha,
792 339 895 379 duas
927 338 1163 392 Refhopas,
1190 338 1390 387 Birdene,
1421 338 1615 387 Seaham,
1643 340 1744 380 Sea-

219 411 310 446 11111,
325 397 502 445 Daltun,
517 397 731 446 Daldene‚
746 397 996 446 Hesildene,
1010 397 1197 437 ecclesiae
1215 396 1421 445 reddidit3
1444 406 1485 437 et
1504 397 1620 446 duas,
1636 411 1742 451 quas

217 459 261 494 5111
287 454 464 495 brachiis
486 455 701 510 portabat,
726 454 922 504 armillas,
947 463 1162 508 postremo
1184 454 1323 502 dedit3
1346 454 1505 503 dicens,
1529 454 1621 494 haec
1645 454 1742 495 volo

217 522 265 552 ut
293 511 489 553 omnibus
521 521 618 567 post
649 527 716 553 me
738 512 888 553 suturis
911 513 992 552 sint
1015 513 1056 552 in
1079 513 1243 566 signum
1268 526 1335 552 me
1365 511 1634 552 sanctissimae
1658 510 1744 552 Dei

217 569 434 623 genitricis
472 570 626 611 Mariae
663 579 705 621 et
739 569 996 611 dilectissimi
1029 569 1199 624 patroni
1230 570 1314 609 mei
1336 569 1469 610 sancti
1491 568 1742 610 confessoris

220 627 450 669 Cathberti
473 628 662 669 ecclesiae
683 628 825 668 firmas
848 628 962 681 leges
985 637 1027 668 et
1050 638 1297 682 perpetuam
1321 627 1574 676 libertatem,
1593 641 1742 667 secun-

217 686 317 725 esium
354 685 468 741 quod
505 695 792 727 antecessores
826 686 908 726 mei
944 686 1149 735 fecerunt,
1174 686 1444 726 anathemate
1471 685 1738 739 interposito,

214 752 358 784 mente
376 743 647 784 devotissima
668 743 946 784 constituisse.
1009 743 1226 784 Defuncto
1245 752 1339 796 post
1360 743 1441 783 hoc
1468 742 1738 791 Ethelstano‚

220 801 499 842 Eadmundus
520 802 651 843 frater
673 802 763 855 ejus
785 801 826 841 in
848 802 992 842 sedem
1015 801 1134 857 regni
1156 801 1382 850 exaltatus,
1407 815 1503 841 cum
1526 800 1614 854 ipse
1637 815 1740 856 quo-

215 874 297 902 3„
332 860 556 900 Scotorum
592 859 881 914 pertinaciam,
916 873 999 914 qua
1029 859 1148 913 regni
1190 857 1252 898 sui
1292 868 1434 913 partes
1465 858 1736 909 infestabant,

214 916 443 970 reprimere
473 932 568 957 cum
605 917 796 957 exercitu
832 926 1088 970 properaret,
1124 916 1178 957 ad
1215 915 1432 956 ecclesiam
1466 928 1622 957 sanctae
1656 918 1737 959 Dei

214 974 430 1028 genitricis
455 974 610 1016 Mariae
632 984 675 1015 et
695 974 829 1015 sancti
862 975 1107 1014 confessoris
1134 973 1358 1014 Cuthberti
1380 987 1474 1013 cum
1498 974 1741 1031 multiplici-

213 1033 291 1072 bus
315 1041 358 1072 et
372 1031 586 1086 preciosis,
604 1041 650 1072 ut
667 1046 811 1085 regem
832 1032 1028 1082 decebat,
1045 1031 1305 1080 muneribus,
1328 1031 1586 1072 Dunelmum
1606 1036 1735 1086 venit,

213 1099 254 1130 et
279 1089 493 1130 humiliter
514 1098 611 1130 ante
642 1088 888 1130 sanctissimi
921 1089 1111 1144 corporis
1142 1089 1378 1143 sepulcrum
1399 1089 1578 1145 genibus
1599 1092 1738 1134 incur—

213 1149 335 1196 meis,
375 1147 555 1188 armillas
589 1147 693 1187 duas
730 1156 773 1188 et
801 1146 891 1201 ipse
927 1162 952 1188 a
987 1147 1161 1188 brachio
1179 1162 1255 1187 suo
1277 1147 1515 1198 extrahens,
1540 1158 1587 1190 ut
1609 1153 1736 1208 vulgo

213 1206 384 1254 dic-aur,
409 1205 496 1245 mid
517 1204 663 1245 fullom
696 1204 738 1244 in
761 1204 901 1254 dome,
927 1212 968 1245 et
991 1220 1098 1246 wrec
1121 1215 1163 1245 et
1187 1204 1299 1255 wite,
1325 1213 1439 1246 utter
1460 1215 1501 1247 et
1525 1207 1658 1259 inner,
1692 1221 1736 1251 et

212 1277 308 1303 saca
340 1273 383 1303 et
414 1277 555 1311 socna,
579 1262 622 1302 id
654 1271 716 1303 est
745 1276 840 1302 cum
873 1263 1004 1316 plenis
1026 1262 1189 1316 legibus
1212 1272 1253 1303 et
1276 1262 1591 1318 quietudinibus
1613 1282 1736 1322 super

210 1320 448 1373 sepulcrum
487 1319 654 1369 obtulit,
692 1319 868 1360 terribili
901 1320 1200 1361 malediccione
1231 1321 1383 1361 feriens
1417 1337 1575 1374 omnes,
1609 1327 1640 1364 si
1664 1326 1734 1381 qui

210 1380 321 1418 {burte
355 1377 422 1418 vel
457 1393 532 1418 sua
558 1378 624 1418 vel
655 1388 969 1418 antecessorum
993 1393 1160 1419 suorum
1184 1378 1402 1433 privilegia
1423 1380 1518 1421 huic
1542 1383 1734 1424 ecclesiae

210 1436 365 1476 coilata
393 1434 534 1491 aliquo
555 1436 686 1476 modo
708 1436 864 1477 violare
886 1436 1248 1490 presumpsissent.
1322 1437 1417 1486 Hic,
1441 1453 1555 1479 anno
1581 1440 1733 1481 Domi-

210 1493 316 1533 aicae
340 1492 645 1533 incarnacionis
676 1499 989 1534 Dccccxm111⁰
1008 1495 1279 1548 temporalem
1299 1494 1427 1535 vitam
1450 1506 1596 1538 eterna
1618 1514 1734 1539 com-

208 1560 393 1601 mutans,
420 1551 637 1592 Edredum
654 1551 827 1591 fratrem
850 1551 970 1607 regni
987 1552 1185 1592 heredem
1209 1553 1392 1608 reliquit,
1412 1553 1546 1595 virum
1565 1556 1732 1610 pietatis

209 1610 272 1649 ca}
286 1620 414 1650 iorem
433 1624 481 1649 ac
496 1608 694 1663 justiciae,
745 1609 832 1657 Qui
854 1610 1002 1659 eciam,
1027 1609 1134 1650 sicut
1152 1619 1194 1651 et
1214 1610 1363 1651 fratres
1386 1613 1486 1666 erS,
1511 1614 1730 1655 ecclesiam

207 1681 366 1707 sanctae
399 1666 483 1707 Dei
514 1665 731 1722 genitricis
766 1666 920 1707 Mariae
948 1676 989 1708 et
1013 1668 1158 1709 Sancti
1183 1668 1424 1717 Cuthberti,
1449 1670 1616 1712 firmata
1637 1673 1731 1726 lege

207 1735 249 1764 et
271 1725 468 1765 libertate
485 1724 847 1779 praedecessorum
862 1739 1049 1774 suorum,
1068 1726 1184 1779 regia
1202 1740 1377 1767 munera
1391 1727 1573 1769 offerens
1592 1730 1732 1771 visita-

206 1782 279 1831 vit,
305 1790 347 1823 et
367 1782 428 1822 ful
450 1781 490 1822 in
513 1782 653 1833 dome,
673 1796 798 1836 super
814 1782 947 1823 sancti
968 1783 1198 1824 Cuthberti
1220 1785 1471 1838 sepulcrum,
1491 1801 1616 1827 manu
1634 1802 1733 1842 pro-

209 1840 310 1888 mia,
335 1839 553 1883 donavit.”

209 1893 212 1894 ⁷
272 1898 517 1950 {Subscripta
548 1912 647 1937 vero
677 1896 864 1938 clausula
900 1897 941 1936 in
975 1897 1057 1937 alio
1080 1898 1174 1938 loco
1197 1897 1298 1938 dicti
1321 1898 1416 1939 libri
1438 1900 1491 1941 de
1513 1902 1643 1942 verbo
1675 1903 1729 1944 ad

206 1955 395 2003 remum,
420 1963 466 1994 ut
488 1954 689 2009 sequitur,
714 1963 779 1994 est
800 1963 1014 1997 contenta.

268 2018 294 2037 ⁶-ss
313 2011 529 2052 Defuncto
551 2011 717 2065 piisimo
739 2026 839 2064 rege
859 2011 1083 2061 Edwardo,
1101 2026 1195 2052 cum
1219 2013 1426 2066 gloriosus
1448 2030 1497 2056 ac
1519 2017 1729 2070 potentis-

206 2083 332 2109 smms
368 2083 446 2109 rex
471 2068 730 2117 Willelmus,
767 2068 992 2109 interfecto
1026 2070 1237 2119 Hammo,
1273 2071 1405 2111 tocius
1441 2074 1607 2127 Angliae
1639 2090 1728 2116 mo-

204 2125 419 2167 narchiam
464 2125 688 2176 obtineret,
736 2140 846 2166 anno
888 2126 1112 2167 dominicae
1156 2127 1462 2170 incarnacionis
1504 2132 1728 2173 millesimo

208 2188 389 2233 :23:1211110,
413 2182 477 2223 sui
502 2193 644 2224 autem
677 2184 798 2237 regni
819 2198 931 2224 anno
965 2193 1130 2234 octavo,
1165 2200 1305 2225 versus
1343 2187 1548 2238 Scociam,
1579 2205 1726 2231 omnes

206 2241 322 2293 regni
346 2241 407 2281 sui
429 2250 570 2295 partes
593 2241 767 2290 visurus,
797 2249 841 2281 et
872 2241 905 2280 si
937 2241 1008 2296 qui
1037 2241 1143 2282 forte
1165 2243 1343 2284 rebelles
1366 2255 1504 2286 essent
1528 2246 1605 2287 sibi
1628 2249 1727 2288 sub-

208 2300 384 2348 {ziam-us,
418 2313 514 2339 cum
545 2312 702 2352 magno
732 2298 922 2339 exercitu
955 2301 1211 2353 properavit.
1286 2301 1436 2357 ltaque
1462 2303 1725 2346 Dunelmum

203 2359 389 2406 amem,
426 2357 646 2397 ecclesiam
682 2364 839 2396 sanctae
880 2357 968 2397 Dei
1008 2357 1222 2409 genitricis
1264 2367 1306 2398 et
1339 2360 1471 2401 sancti
1496 2362 1725 2403 Cuthberti

202 2413 451 2454 confessoris
475 2414 573 2455 Deo
596 2413 737 2454 dilecti
760 2428 854 2454 cum
880 2428 1033 2467 magna
1054 2415 1290 2456 devocione
1313 2426 1507 2458 oraturus
1539 2418 1723 2460 intravit.

211 2472 299 2519 [52ss,
326 2470 552 2512 sciscitanti
575 2471 628 2512 de
649 2470 735 2512 vita
757 2481 798 2512 et
819 2470 1028 2512 miraculis
1052 2473 1185 2512 sancti
1210 2473 1487 2525 Confessoris,
1513 2485 1556 2517 et
1576 2477 1629 2517 de
1652 2492 1724 2520 an-

204 2530 394 2581 {ssqaitate
425 2537 467 2569 et
500 2528 662 2582 origine
696 2528 992 2583 Episcopatus,
1015 2529 1072 2569 hii
1095 2531 1165 2585 qui
1197 2531 1452 2586 antiquiores
1475 2543 1518 2574 et
1539 2534 1724 2587 pruden-

200 2600 333 2625 vczares
369 2594 490 2626 erant
524 2585 567 2625 iu
599 2585 789 2635 ecclesia,
823 2594 1016 2626 sanctum
1047 2601 1191 2643 regem
1219 2587 1476 2639 oswaldum,
1501 2590 1638 2631 accito
1669 2592 1722 2633 de

202 2643 352 2683 Scoeia
382 2651 528 2684 sancto
559 2651 603 2684 et
623 2642 853 2683 venerabili
887 2644 976 2684 viro
1001 2643 1168 2685 Aidano
1199 2645 1414 2699 episcopO,
1435 2648 1577 2688 sedem
1601 2649 1722 2702 Epis-

199 2709 375 2752 11=opatus
416 2701 460 2740 in
494 2699 851 2742 Lindissfarnensi
892 2700 1026 2741 insula
1060 2701 1252 2756 primitus
1294 2702 1533 2754 instituisse,
1576 2718 1619 2746 et
1660 2706 1719 2746 illi

207 2758 365 2798 festivae
396 2757 612 2799 dixerunt.
690 2757 953 2799 Referebant
985 2759 1117 2800 eciam
1150 2760 1367 2814 quomodo
1403 2776 1479 2803 rex
1519 2763 1716 2817 ngridus
