1807 2962
204 76 347 108 CCCCX
501 75 637 107 HIST.
678 76 914 107 DUNELM.
955 74 1261 107 SCRIPTORES
1299 75 1443 107 TRES.

337 449 517 479 CCCXIX.
553 447 722 475 LITERA
745 447 1108 476 FRATERNITATIS
1133 446 1359 475 CONCESSA
1383 446 1585 474 RICARDO

768 506 952 534 EMPSON
985 506 1154 533 MILITI.

788 600 893 644 [Reg.
909 599 956 631 v.
974 598 1030 632 f01.
1049 600 1141 640 115.]

256 695 447 738 Thomas
470 694 748 751 permissione
769 693 913 735 divina
935 693 1059 735 Prior
1080 692 1269 734 ecclesiae
1290 692 1542 734 cathedralis
1565 693 1732 735 Dunel-

196 755 350 796 mensis
372 763 416 795 et
437 754 626 809 ejusdem
649 752 730 793 loci
757 751 1002 807 Capitulum
1023 752 1197 805 egregio
1219 751 1310 792 viro
1336 751 1463 791 Rl-„ai
1465 751 1522 791 do
1541 752 1733 806 Empson

196 812 336 861 militi,
355 811 548 868 regisque
567 810 699 851 nostri
717 809 968 851 serenissimi
984 809 1222 850 consiliario
1239 823 1314 873 per
1317 808 1532 863 prudenti,
1548 809 1728 850 salutem

197 870 240 911 in
283 870 475 911 Domino
515 869 833 923 sempiternam.
896 867 1060 908 Mentis
1101 867 1179 907 dev
1171 867 1278 907 ocio
1315 876 1359 907 et
1398 866 1549 908 sinceri
1592 867 1729 910 cordis

197 927 386 977 affeccio‚
405 942 508 984 quas
523 941 624 981 erga
640 923 987 980 gloriosissimum
1010 923 1293 965 confessorem
1309 933 1499 965 sanctum
1517 925 1731 966 Cuthber-

197 995 306 1036 tum,
329 993 553 1040 patronum
587 992 792 1032 nostrum,
815 997 907 1032 nOS,
932 997 980 1023 ac
1010 982 1311 1023 monasterium
1349 991 1540 1023 nostrum
1563 983 1724 1024 Dunel-

195 1059 341 1085 mense
373 1042 552 1092 habetis,
586 1056 634 1082 ac
667 1041 708 1081 in
739 1040 930 1081 futurum
962 1040 1265 1091 indubitanter,
1290 1049 1336 1081 ut
1357 1040 1578 1091 credimus,
1602 1041 1731 1083 habe-

196 1102 309 1151 bitis,
341 1101 492 1142 merito
526 1115 601 1141 nos
636 1098 826 1141 excitant
857 1107 899 1140 et
932 1098 1153 1149 inducunt,
1188 1108 1234 1140 ut
1267 1098 1403 1148 vobis,
1438 1098 1493 1149 id,
1528 1100 1642 1156 quod
1675 1101 1729 1141 de

195 1159 349 1201 nostris
393 1159 600 1213 optimum
648 1166 725 1207 est,
770 1165 994 1211 gratanter
1034 1157 1352 1198 contribuamus
1376 1172 1387 1206 3
1437 1157 1549 1199 unde
1582 1173 1654 1199 vos
1687 1167 1731 1199 et

195 1227 375 1259 vestiam
398 1231 622 1272 personam
647 1217 687 1256 in
710 1215 1097 1257 confraternitatem
1121 1215 1381 1270 spiritualem
1403 1217 1576 1270 capituli
1597 1216 1731 1258 nostri

197 1275 498 1318 Dunelmensis
521 1273 784 1316 admittimus
825 1288 901 1329 per
930 1284 1197 1339 Mpraesentes
1187 1305 1198 1323 ,
1231 1283 1288 1324 et,
1313 1282 1518 1330 qnantum
1544 1274 1584 1314 in
1608 1275 1729 1316 nobis

197 1343 276 1385 est,
293 1344 336 1376 et
353 1333 572 1376 Altissimo
587 1332 806 1388 placuerit,
822 1331 1011 1373 omnium
1028 1331 1263 1382 missarum,
1280 1332 1516 1388 vigiliarum
1522 1333 1731 1388 ,jejunio-

194 1408 302 1443 rum,
341 1391 600 1441 oracionum‚
634 1390 1009 1446 praedicacionum‚
1034 1390 1273 1432 divinorum
1297 1364 1546 1441 officioruni,
1567 1401 1731 1433 cetero-

192 1466 372 1507 rumque
386 1465 562 1505 operum
578 1449 760 1504 pietatis,
777 1464 872 1506 quae
886 1463 961 1504 per
975 1463 1050 1490 nos
1065 1456 1108 1490 et
1121 1463 1382 1490 successores
1398 1457 1567 1489 nostros
1583 1458 1666 1490 tam
1688 1452 1730 1492 in

193 1509 308 1551 dicto
340 1507 596 1550 monasterio
628 1518 774 1549 nostro
808 1507 1087 1548 Dunelmensi
1118 1522 1244 1563 quam
1277 1507 1318 1547 in
1351 1506 1466 1547 cellis
1489 1508 1542 1549 ab
1574 1508 1729 1551 eodem

194 1567 531 1623 dependentibus
564 1567 671 1607 fiunt
704 1575 778 1607 aut
801 1566 904 1606 fient
938 1565 1264 1621 imperpetuum,
1290 1565 1482 1606 Domino
1503 1566 1725 1621 largiente,

195 1626 572 1681 participacionem
596 1624 715 1666 vobis
737 1623 1009 1665 concedimus
1032 1623 1271 1679 specialem.
1354 1624 1549 1680 Cumque
1571 1626 1625 1667 ab
1647 1625 1727 1667 hac

192 1685 287 1726 luce
309 1699 387 1739 per
405 1692 588 1725 mortem
613 1682 733 1724 Deus
755 1698 829 1723 vos
852 1683 1108 1733 evocaverit,
1139 1690 1183 1723 et
1206 1682 1287 1723 hoc
1309 1681 1430 1723 nobis
1451 1683 1728 1726 certitudini}-

193 1743 290 1784 liter
306 1744 546 1782 intimatum
563 1741 701 1791 fuerit,
720 1756 799 1796 pro
816 1740 933 1782 vobis
951 1740 1058 1782 sicut
1074 1755 1152 1796 pro
1166 1740 1254 1781 aliis
1270 1740 1552 1783 confratribus
1572 1743 1725 1784 nostris

193 1800 480 1856 spiritualibus
523 1799 734 1840 defunctis
777 1807 993 1840 consuetae
1035 1798 1279 1840 oracionum
1320 1799 1520 1855 suffragia
1551 1801 1727 1857 singulis

194 1858 312 1900 annis
344 1858 494 1899 futuris
527 1857 739 1912 perpetuis
774 1857 1034 1912 temporibus
1075 1857 1380 1912 persolvemus.
1443 1859 1493 1899 In
1516 1861 1635 1914 cujus
1666 1860 1727 1900 rei

192 1915 481 1958 testimonium
518 1915 701 1971 sigillum
739 1930 964 1956 commune
996 1915 1171 1971 capituli
1199 1915 1332 1956 nostri
1353 1918 1631 1971 praesentibus
1664 1929 1729 1961 est

194 1988 443 2029 appensum.
508 1973 625 2014 Data
650 1973 867 2023 Dunelmi,
892 1972 931 2012 in
956 1973 1085 2014 domo
1118 1983 1260 2015 nostra
1291 1975 1524 2029 capitulari,
1558 1976 1725 2018 decimo

193 2032 262 2074 die
309 2031 463 2072 mensis
498 2030 730 2081 Februarii,
764 2045 876 2072 anno
923 2030 1100 2072 Domini
1130 2031 1353 2074 millesimo
1383 2034 1727 2090 quingentesimo

196 2099 361 2133 octavo.

311 2365 469 2395 CCCXX.
513 2364 681 2393 LITERA
714 2364 1077 2392 FRATERNITATIS
1109 2366 1342 2396 MAGISTRO
1376 2365 1605 2398 E'DMUNDO

854 2422 1052 2453 DUDLEY.

782 2512 885 2556 [Reg.
909 2513 954 2545 v.
975 2512 998 2545 f.
1022 2514 1083 2546 114
1100 2515 1149 2557 b.]

253 2609 443 2650 Thomas
467 2606 739 2662 peimissione
760 2606 903 2647 divina
927 2607 1049 2648 Prior
1071 2609 1259 2650 ecclesiae
1282 2612 1534 2654 cathedralis
1560 2613 1722 2655 Dunel-

195 2667 348 2709 mensis
381 2674 424 2706 et
455 2664 641 2719 ejusdem
675 2664 757 2706 loci
790 2664 1033 2719 Capitulum
1067 2667 1242 2731 egregio
1274 2670 1363 2709 viro
1398 2670 1600 2727 magisno
1637 2672 1722 2713 Ed-

197 2724 355 2766 mundo
379 2723 550 2778 DudleJ
575 2722 800 2779 arniioero,
824 2737 1019 2780 regisque
1058 2725 1189 2766 nostii
1212 2726 1463 2769 serenissimi
1467 2705 1721 2771 ‘'consiliario
