1807 2962
478 131 754 165 APPEND1X.-
791 132 911 163 ANNJ
936 132 1178 164 mcccxm.
1475 118 1603 165 clxiii

240 433 389 460 CXLIV.
424 430 704 460 RESIGNACIO
728 430 914 459 PRIORIS
946 431 1117 459 DOMINI
1142 430 1347 458 ROBERTI
1367 432 1422 458 DE

689 489 972 519 WALWORTH.

667 569 773 613 [Reg.
791 569 842 600 ΙΙ.
858 567 880 599 f.
899 569 995 609 303.]

123 646 173 688 In
198 645 284 688 Dei
306 648 493 697 nomine,
520 647 674 688 Amen.
717 646 801 687 Per
822 659 1007 700 praesens
1030 645 1247 700 publicum
1267 645 1597 687 instrumentum

62 704 224 745 cunctis
247 714 450 760 appareat
466 704 696 753 evidenter,
720 704 850 759 quod,
874 719 989 744 anno
1008 705 1061 744 ab
1083 703 1381 745 incarnacione
1400 704 1594 754 Domini,

62 762 292 804 secundum
314 777 481 803 cursum
503 771 547 803 et
569 762 935 817 computacionem
961 761 1150 803 ecclesiae
1174 761 1439 816 Anglicanae,
1465 762 1596 802 mille-

61 820 182 871 simo,
206 836 292 871 ccc,
318 821 593 875 nonogesimo
615 822 766 875 primo,
787 819 1023 861 indiccione
1044 834 1167 869 xum,
1187 819 1456 874 pontificatus
1478 835 1597 861 sanc-

61 878 208 920 tissimi
230 878 272 919 in
299 879 471 920 Christo
493 879 620 933 patris
643 888 685 919 et
707 877 867 919 domini
890 877 1022 918 nostri
1044 878 1205 919 domini
1228 878 1435 919 Bonifacii
1452 878 1594 919 divina

60 936 338 991 providencia
380 937 513 988 Papae·
550 951 664 977 anno
704 936 905 986 secundo,
949 936 1103 977 mensis
1150 935 1251 977 Julii
1294 935 1362 978 die,
1413 950 1506 986 XXI,
1551 937 1594 977 in

61 1009 231 1035 camera
261 994 450 1036 interiori
484 994 640 1036 Prioris
673 994 976 1035 Dunelmensis
1008 994 1117 1035 infra
1138 995 1373 1035 manerium
1396 1010 1517 1036 suum
1540 995 1593 1035 (le

64 1052 300 1108 Bieureper
331 1055 544 1103 situatum,
569 1053 611 1093 in
633 1053 730 1102 mei,
756 1052 908 1093 notarii
931 1052 1103 1108 publici,
1127 1062 1169 1094 et
1192 1053 1360 1094 testium
1384 1053 1596 1108 subscrip-

62 1119 203 1151 torum
239 1111 485 1166 praesencia,
519 1126 662 1152 coram
697 1111 933 1152 reverendo
969 1111 1231 1152 et‘discreto
1264 1111 1356 1152 viro
1392 1111 1595 1166 magistro

65 1168 235 1209 Thoma
272 1169 326 1210 de
364 1169 589 1220 Grefflam,
625 1178 792 1210 rectore
825 1169 1014 1209 ecclesiae
1049 1169 1302 1224 parochialis
1336 1169 1390 1210 de
1426 1171 1589 1225 Ryt0n‚

62 1226 224 1268 domini
259 1226 561 1268 Dunelmensis
599 1226 800 1282 Episcopi
832 1226 1014 1275 officiali,
1041 1228 1320 1282 personaliter
1340 1227 1595 1269 constitutus

60 1285 319 1326 reverendus
343 1285 404 1325 vir
424 1285 623 1326 dominus
650 1285 864 1325 Robertus
885 1285 939 1326 de
967 1285 1234 1327 Walleworth
1260 1286 1382 1326 Prior
1403 1285 1595 1327 ecclesiae

64 1342 379 1393 Dunelmensis,
415 1343 531 1385 dicto
570 1342 781 1384 Prioratui
814 1357 927 1383 curae
961 1352 1005 1384 et
1026 1343 1219 1398 regimini
1259 1344 1447 1398 ejusdem
1471 1344 1595 1385 cessit

63 1410 105 1442 et
137 1401 426 1450 renunciavit3
467 1401 795 1457 hujusmodique
827 1403 1059 1443 cessionem
1082 1412 1125 1442 et
1151 1402 1516 1443 r'enunciacionem
1540 1404 1593 1444 ab

63 1459 215 1500 eodem
237 1459 439 1517 magistro
461 1460 646 1509 Thoma,
671 1459 762 1500 vice
787 1459 985 1513 Episcopi
1006 1459 1302 1501 Dunelmensis
1320 1461 1360 1500 in
1378 1460 1457 1502 hac
1475 1469 1595 1515 parte

62 1517 280 1571 fungente,
317 1528 361 1559 ut
395 1518 562 1568 dicitur,
595 1517 763 1558 admitti
796 1527 839 1557 et
871 1518 1085 1573 acceptari
1116 1518 1360 1572 postulavit,
1390 1528 1516 1573 prout
1548 1519 1592 1559 in

63 1575 245 1632 quadam
283 1576 436 1617 cedula
465 1589 542 1631 per
574 1576 734 1617 dictum
772 1575 991 1616 domiuum
1029 1577 1266 1617 Robertum
1301 1586 1401 1618 tunc
1434 1576 1594 1618 ibidem

63 1634 253 1688 perlecta
287 1634 450 1689 plenius
483 1634 753 1682 continetur3
791 1634 909 1688 cujus
942 1634 1106 1674 cedulae
1138 1643 1261 1675 tenor
1284 1635 1375 1676 talis
1398 1644 1473 1678 cst.
1542 1635 1593 1676 ln

65 1693 234 1733 nomine
268 1691 460 1742 Domini,
492 1693 639 1733 Amen.
703 1692 798 1747 Ego
825 1692 1051 1742 Robffl-tus,
1083 1692 1200 1733 Prior
1221 1692 1407 1734 ecclesiae
1431 1693 1596 1734 Dunel-

62 1749 231 1800 mensis,
264 1765 382 1804 pure,
417 1760 579 1803 sponte,
615 1758 658 1790 et
693 1749 885 1790 absolute
919 1749 1118 1806 dignitati
1150 1751 1341 1805 ejusdem
1375 1751 1593 1792 Prioratus

62 1808 147 1848 mei
181 1817 224 1849 et
257 1808 397 1849 eidem
432 1807 643 1849 Prioratui
667 1822 760 1848 meo
781 1808 912 1848 cedo:
937 1807 1160 1863 ipsumque
1187 1808 1426 1850 Prioratum
1450 1824 1591 1850 meum

61 1867 103 1906 in
132 1880 279 1907 manus
301 1865 549 1907 venerabilis
575 1866 712 1906 Patris
734 1865 895 1906 domini
925 1866 1094 1907 Walteri
1118 1867 1304 1921 episcopi
1327 1867 1595 1908 Dunelmen-

61 1924 116 1964 sis
150 1934 193 1965 et
226 1933 396 1973 vestras,
420 1924 651 1965 reverende
675 1924 846 1964 domine
870 1923 1070 1977 magister
1092 1924 1264 1966 Thoma
1285 1925 1338 1966 de
1365 1925 1590 1975 Gretham‚

61 1983 260 2059 ejusdem
268 1982 520 2023 vene-rabilis
541 1983 677 2024 Patris
702 1981 790 2022 vice
810 1981 1092 2036 fungentes,r
1073 1983 1268 2037 resigno3
1292 1983 1491 2039 omnique
1507 1983 1594 2037 juri

62 2051 106 2082 et
146 2040 344 2095 dignitati
379 2041 481 2081 meis
522 2042 562 2080 in
604 2039 813 2095 p1aediet0
857 2040 1054 2081 Prioratu
1092 2040 1217 2082 michi
1254 2041 1592 2096 competentibus

61 2098 285 2140 renuncio:
320 2099 538 2163 postulans
572 2098 778 2139 instanter
810 2098 934 2152 hujus
965 2098 1213 2149 cessionem,
1237 2099 1570 2155 resignacionen
1578 2131 1590 2149 ,

62 2167 107 2198 et
136 2156 517 2206 renunciacionem,
550 2156 716 2197 admitti
747 2157 909 2211 paritei
929 2164 973 2197 et
994 2159 1220 2212 acceptari.
1284 2157 1426 2206 Quam
1462 2158 1553 2198 ced
1548 2173 1594 2197 1-

62 2212 146 2256 lam
184 2215 321 2255 dictus
356 2214 559 2256 Officialis
593 2214 766 2268 recepit,
802 2225 846 2254 et
879 2229 1004 2269 super
1037 2216 1248 2256 contentis
1282 2215 1323 2255 in
1346 2230 1396 2256 ea
1417 2215 1525 2256 dixit
1547 2231 1592 2255 se

61 2272 169 2313 velle
190 2272 435 2316 deliberare.
515 2273 626 2313 Acta
647 2281 744 2313 sunt
762 2271 869 2321 haec,
888 2281 1014 2326 prout
1037 2273 1404 2328 suprascribuntur
1425 2281 1468 2313 et
1485 2273 1592 2313 reci-

61 2338 220 2378 tantur,
259 2331 336 2370 sub
368 2345 494 2379 anno,
527 2329 778 2378 indiccione,
817 2330 1082 2383 pontificatu,
1107 2345 1267 2380 mense,
1299 2330 1381 2379 die,
1416 2340 1458 2370 et
1478 2330 1587 2379 loco,

60 2387 289 2443 praedictis.
369 2387 655 2428 Praesentibus
696 2387 885 2427 discretis
921 2387 1018 2428 viris
1059 2388 1261 2442 magistro
1302 2388 1494 2428 Roberto
1536 2389 1591 2429 de

65 2446 282 2487 Asshborn
320 2454 362 2486 et
403 2445 610 2485 Willelmo
651 2445 705 2485 de
746 2445 907 2484 Dalton
944 2445 1116 2495 clericis,
1155 2445 1504 2499 Lychefeldensis
1543 2457 1588 2487 et

62 2503 345 2546 Eboracensis
362 2502 590 2551 dioceseos,
607 2502 784 2542 testibus
801 2501 854 2542 ad
873 2503 1086 2555 praemissa
1106 2504 1265 2544 vocatis
1286 2503 1526 2557 specialiter
1546 2512 1591 2545 et

60 2561 232 2616 rogatis,
297 2561 354 2602 Et
391 2575 472 2616 ego
509 2560 750 2602 VVillelmus
786 2560 839 2600 de
877 2560 1039 2601 Bai-ton
1071 2561 1261 2610 clericus,
1287 2561 1587 2602 Dunelmensis

61 2620 292 2669 dioceseos,
322 2618 514 2674 publicus
553 2620 808 2660 auctoritate
848 2619 1081 2673 apostolica
1120 2619 1322 2669 notarius,
1364 2620 1589 2675 praemissis

61 2677 256 2719 omnibus
278 2687 321 2718 et
343 2676 529 2734 singulis,
553 2676 653 2716 dum
676 2676 733 2716 sic
757 2685 801 2717 ut
823 2676 1096 2730 praemittitur
1111 2687 1340 2734 agerentur
1356 2687 1398 2719 et
1420 2679 1584 2727 fierent,

62 2751 147 2777 una
177 2751 270 2778 cum
303 2734 615 2791 praenominatis
638 2735 813 2776 testibus
836 2749 1017 2788 praesens
1040 2735 1208 2778 interfui
1228 2751 1238 2785 3
1261 2751 1394 2792 eaque
1417 2735 1474 2777 sic
1498 2736 1587 2777 fieri

826 2806 850 2832 L
874 2796 899 2832 2
