1807 2962
459 88 790 127 WithLiuus
828 94 893 125 DE
933 87 1197 125 CHAMBRE.
1497 78 1590 134 129

118 200 335 243 Praeterea
366 202 568 256 praefatus
600 200 796 244 dominus
834 200 1054 250 Ricardus,
1080 201 1120 241 in
1152 199 1326 241 floribus
1358 201 1456 241 vitae
1478 216 1582 250 suae,

53 259 235 301 contulit
271 260 357 301 duo
390 259 640 301 vestimenta
676 259 882 308 ecclesiae,
918 269 1046 300 unum
1081 259 1273 308 rubeum,
1311 258 1366 299 de
1401 258 1581 308 velveto‚

54 331 150 357 cum
173 317 308 358 tribus
329 317 443 372 capis
465 317 653 372 ejusdem
677 325 819 367 sectae,
843 317 1051 358 subtiliter
1070 315 1304 365 broudatis‚
1328 324 1371 357 et
1392 316 1507 356 aliud
1529 316 1582 357 de

54 374 176 430 nigra
197 374 371 426 camica,
395 390 490 416 cum
514 375 647 416 tribus
670 376 783 430 capis
799 375 986 429 ejusdem
1008 383 1150 424 sectae,
1174 388 1268 414 cum
1291 373 1418 429 largis
1435 373 1583 414 orariis

53 432 256 474 decenter
291 434 477 474 ornatis:
510 432 635 487 plura
670 447 910 487 proponens
942 431 1130 473 ecclesiae
1166 430 1395 487 reliquisse,
1433 431 1583 472 videli-

54 499 122 531 cet
156 505 287 531 unum
322 491 377 532 de
405 491 539 531 rubeo
571 490 752 539 velveto,
776 490 892 546 quod
919 489 981 530 sui
1014 499 1265 530 executores
1298 489 1583 530 vendiderunt

49 547 224 588 domino
259 548 491 603 Radulpho
523 547 577 589 de
612 547 795 597 Neville,
831 547 904 603 qui
931 556 1093 602 postea,
1129 546 1390 588 conscientia
1425 555 1578 596 motus,

47 604 151 646 illud
179 605 364 647 reddidit
385 604 601 654 ecclesiae3
633 605 748 647 aliud
780 606 908 647 etiam
940 605 1074 654 dedit,
1094 604 1147 645 de
1169 605 1266 646 alba
1287 604 1459 653 camica,
1482 619 1579 645 cum

48 663 183 703 tribus
204 664 319 718 capis
341 663 532 718 ejusdem
553 671 694 712 sectae,
719 663 835 719 quod
857 662 956 704 fecit
974 662 1016 703 in
1040 662 1202 703 honore
1224 674 1382 703 sanctae
1407 662 1581 716 Man-iae,

47 719 247 762 nobiliter
275 721 548 771 brondatum,
572 721 687 776 quod
725 721 920 770 Sam-ista,
946 729 1040 775 post
1062 721 1152 775 ejus
1174 730 1370 771 mortem,
1393 720 1448 761 de
1470 720 1575 774 ejus-

46 778 143 819 dem
166 779 464 820 executoribus
487 793 583 819 cum
605 778 738 820 multa
768 778 997 819 difficulate
1030 777 1327 834 conquisivit.⁹⁶
1388 778 1510 827 Item,
1536 778 1577 818 in

46 836 235 892 exequiis
267 839 369 893 ejus,
404 836 511 878 sicut
543 845 659 891 patet
682 851 761 891 per
782 836 1109 878 instrumentum
1131 835 1349 891 publicum
1372 835 1471 876 inde
1493 836 1578 877 sac-

46 901 152 944 tum,
176 894 326 935 habuit
353 894 536 936 sacrista
566 894 673 935 duos
705 909 835 950 equos
869 909 1047 950 magnos
1069 903 1288 948 portantes
1310 908 1464 948 corpus
1486 895 1576 947 ejus

46 951 90 992 in
118 951 283 1003 lectica,
315 961 355 993 et
379 967 507 993 unum
534 967 688 1008 equum
713 952 871 993 mulum
906 961 1147 1007 portantem
1178 950 1426 1007 capellam.†
1487 951 1580 992 Ha-

45 1009 138 1050 buit
160 1009 287 1050 etiam
320 1010 429 1051 idem
457 1010 640 1052 Sacrista
670 1010 774 1050 duas
807 1009 992 1059 cis—tutas,-
1015 1024 1144 1050 unum
1166 1009 1362 1050 baculum
1385 1018 1577 1064 pastora-

45 1067 141 1116 lem,
167 1082 292 1108 unam
317 1068 498 1117 mitram,
523 1069 726 1109 annulum
748 1078 792 1109 et
812 1068 1014 1116 sandalia,
1038 1067 1125 1108 duo
1147 1067 1403 1108 candelabra
1423 1077 1576 1121 argen-

46 1134 124 1173 tea,
144 1140 272 1166 unum
285 1125 543 1167 thuribulum
554 1137 800 1180 argenteum
815 1134 858 1167 et
871 1125 1135 1174 deauratum,
1151 1139 1248 1166 cum
1267 1140 1350 1166 una
1367 1124 1574 1174 navicula,

43 1181 144 1224 item
167 1196 214 1224 1x
229 1183 461 1238 bawdkyns
483 1183 539 1224 de·
558 1198 698 1238 pauno
718 1184 854 1225 serico
876 1184 1006 1224 rubeo
1027 1198 1123 1223 cum
1147 1182 1300 1224 vitibus
1337 1188 1400 1234 [et
1422 1182 1575 1234 literis]

43 1239 230 1291 intextis,
252 1240 355 1282 item
380 1255 426 1281 lx
448 1255 613 1295 pannos
634 1242 789 1282 sericos
811 1257 905 1282 cum
941 1240 1286 1296 quadrupedibus
1318 1241 1573 1281 habentibus

43 1297 171 1352 pedes
213 1307 256 1339 et
287 1298 428 1353 capita
459 1298 695 1349 deauratos,
736 1298 837 1340 item
877 1313 1005 1339 unum
1043 1313 1232 1353 pannum
1267 1297 1443 1339 viridem
1476 1312 1572 1339 cum

42 1355 164 1409 gallis
196 1356 301 1397 albis
332 1366 376 1398 et
406 1356 546 1398 rubeis
568 1356 791 1398 intextum.
856 1356 924 1397 Ex
946 1355 1097 1412 quibus
1126 1355 1321 1396 omnibus
1342 1355 1454 1397 facta
1476 1365 1574 1396 sunt

45 1413 296 1455 vestimenta
330 1414 384 1455 ad
417 1429 618 1470 magnum
650 1414 783 1455 altare
806 1423 849 1455 et
871 1414 952 1455 alia
973 1412 1122 1455 altaria
1142 1413 1184 1453 in
1207 1412 1396 1457 ecclesia.
1464 1413 1573 1454 Item¹

43 1486 99 1512 ex
119 1480 302 1528 quatuor
332 1471 478 1526 sigillis
510 1473 699 1527 ejusdem
730 1472 866 1513 factus
897 1481 960 1513 est
982 1486 1087 1512 unus
1109 1471 1220 1512 calix
1241 1471 1500 1520 deauratum
1530 1482 1574 1512 ut

43 1537 161 1583 patet
182 1544 261 1585 per
282 1530 360 1572 hos
382 1545 524 1572 versus
546 1531 622 1572 sub
644 1530 753 1586 pede
775 1530 906 1585 ipsius
928 1529 1164 1585 inscriptos,

163 1690 225 1720 ΠΙ.
247 1691 587 1729 DUNELMENSIS,
614 1693 802 1728 QUARTI,
828 1690 950 1719 NATU
974 1691 1234 1720 BURIENSIS.

158 1748 237 1776 HIC
262 1749 428 1778 CIPHUS
452 1750 654 1778 INSIGNIS
676 1752 749 1779 FIT
771 1749 1002 1778 PRAESULIS
1026 1750 1085 1777 EX
1106 1749 1255 1776 TETRA
1277 1729 1512 1785 81G1LL18.‡

100 1880 228 1936 Item,
246 1885 362 1933 dum,
383 1882 568 1941 quadam
585 1885 667 1934 die,
684 1884 850 1927 sederet
870 1884 923 1926 ad
938 1892 1140 1933 mensam,
1165 1883 1281 1939 apud
1312 1883 1569 1933 Eboracum,

40 1954 136 1983 cum
154 1957 217 1983 vn
239 1944 479 1993 comitibus,
501 1944 643 1984 subito
664 1942 965 1998 superveniens
979 1942 1175 1983 dominus
1192 1942 1411 1984 Johannes
1438 1941 1572 1982 Waw-

39 1999 152 2050 ham,
187 2000 407 2042 nunciavit
443 2002 524 2042 sibi
556 2001 776 2042 dominum
816 2001 1052 2042 Robertum
1089 2000 1143 2041 de
1182 2000 1446 2055 Graystanes
1478 1999 1570 2041 fore

42 2057 320 2108 defunctum3
353 2059 424 2114 qui
455 2067 620 2100 tantum
643 2059 696 2100 de
718 2059 808 2113 ejus
831 2067 967 2099 morte
989 2058 1222 2107 condoluit,
1245 2057 1363 2113 quod
1384 2072 1571 2122 praesen-

42 2115 144 2157 tiam
174 2116 411 2158 nunciantis
442 2116 553 2158 ferie
583 2128 667 2157 non
691 2116 842 2171 potuit.
911 2116 1051 2164 Quem
1074 2130 1171 2157 cum
1193 2116 1367 2156 comites
1392 2116 1570 2156 interro·-

40 2182 204 2228 garent,
237 2189 371 2231 quare
403 2182 566 2216 tantum
597 2174 764 2216 doleret
795 2175 850 2215 de
882 2184 1021 2216 morte
1042 2174 1145 2228 ejuS‚
1171 2179 1200 2200 “
1218 2173 1392 2222 Certe,
1413 2172 1566 2228 inquit,

43 2237 71 2257 “
92 2231 125 2272 si
164 2240 250 2273 tam
287 2232 396 2273 bene
429 2231 652 2274 novissetis
682 2231 929 2274 industriam
967 2232 1070 2286 ejus,
1106 2237 1311 2287 quantum
1335 2245 1416 2284 ego
1451 2230 1566 2279 novi,

40 2289 168 2330 credo
203 2290 319 2355 quod
355 2298 520 2331 tantum
557 2305 684 2346 quam
717 2305 798 2345 ego
830 2289 956 2331 doleo
992 2288 1234 2330 doleietis.'’
1299 2288 1355 2328 Et
1386 2287 1566 2337 addidit,

42 2352 72 2372 “
92 2347 191 2387 Fuit
227 2347 337 2388 enim
374 2347 556 2389 habilior
590 2348 645 2389 ad
679 2350 901 2402 Papatum‚
939 2361 1066 2403 quam
1100 2361 1182 2402 ego
1215 2346 1283 2387 vel
1314 2360 1462 2386 omnes
1485 2345 1568 2386 mei

40 2403 280 2446 consimiles
320 2405 375 2446 ad
416 2405 668 2458 dignitatem
710 2405 925 2446 minimam
966 2405 1008 2444 in
1046 2403 1221 2444 ecclesia
1256 2411 1403 2444 sancta
1441 2402 1566 2443 Deil’

42 2461 234 2502 Multum
266 2461 392 2503 etiam
424 2463 653 2504 affectabat
683 2464 866 2504 retinere
898 2476 1041 2503 secum
1063 2461 1104 2501 in
1126 2461 1286 2502 familia
1306 2460 1414 2501 filios
1436 2475 1567 2514 gene·

39 2533 231 2562 rosorum
270 2519 547 2575 Episcopatus
569 2520 645 2564 sui.
714 2519 843 2567 Quod
869 2519 1029 2561 factum
1052 2518 1226 2560 nutrivit
1247 2533 1442 2576 magnam
1465 2518 1568 2560 ami-

571 2655 588 2671 *
614 2653 825 2686 Appmxmx.
853 2651 915 2684 No.
937 2662 1038 2684 cxw.

577 2701 596 2738 †
624 2698 835 2730 Appsssmx.
862 2698 927 2730 No.
951 2707 1039 2729 exn.

370 2745 390 2780 ss
420 2741 592 2777 Domum
611 2743 744 2777 W11.1.s
763 2743 829 2776 and
846 2743 1117 2782 InvENTORisss,
1135 2751 1166 2786 p.
1189 2745 1241 2774 25,

796 2817 808 2843 1
