1807 2962
185 70 260 116 XlV
472 85 607 116 HIST.
636 83 872 116 DUNELM.
901 85 1210 119 SCRIPTORES
1236 87 1377 120 TRES

181 189 420 233 firmamus'
440 199 484 233 et
527 191 797 233 testificando
834 192 1082 232 roboramus
1106 179 1149 235 et
1190 194 1407 260 perpetuis
1449 197 1710 251 temporibus

180 248 478 291 inviolabiliter
508 249 599 290 fore
631 261 724 291 rata
754 249 1034 314 praecipimus.
1102 251 1147 292 Si
1169 251 1260 307 quis
1283 252 1410 307 igitur
1431 252 1472 293 in
1496 264 1713 309 posterum

178 307 289 349 hanc
310 316 467 348 nostrae
488 307 752 349 auctoritatis
771 316 929 347 cartam
948 306 991 346 in
1009 306 1150 362 aliquo
1168 309 1402 351 diminuere
1419 311 1486 352 vel
1505 322 1714 356 temerare

178 365 510 420 praesumpserit,
544 365 799 406 auctoritate
831 364 945 406 beati
971 364 1088 405 Petri
1112 367 1322 422 Apostoli,
1347 377 1389 409 et
1409 369 1577 423 praefati
1604 371 1713 413 Gre-

179 425 314 488 goriae
345 423 489 477 Papae,
526 432 569 464 et
608 438 702 464 mea
724 423 907 463 Thomae
932 422 1266 480 Aichiep1se0p1,
1291 425 1370 466 nisi
1393 426 1521 484 digne
1540 443 1712 470 correx-

178 480 271 530 erit,
307 496 332 522 a
366 481 451 521 Dei
484 495 615 535 regno
647 489 866 536 separetur
888 489 931 521 et
953 490 1164 535 perpetuo
1186 462 1464 525 anathemate
1478 486 1711 542 condemp-

177 547 315 580 netur.
371 539 522 580 Amen,
587 539 719 580 Teste
745 538 936 579 Aldredo
958 539 1135 590 decano,
1156 542 1370 583 Durando
1392 542 1707 595 archidiacono,

180 595 406 638 Willielmo
438 596 528 636 filio
553 596 663 637 Dure
652 596 762 647 indi,
793 595 1016 637 Willielmo
1040 597 1094 638 de
1115 599 1385 650 Dunintune,
1415 600 1603 642 Radulfo
1626 611 1712 643 tre-

176 653 351 704 sorario,
384 654 529 704 Fulco,
560 654 752 703 Serlone,
778 654 919 704 Tusti,
962 655 1165 709 magistio
1190 658 1330 708 Siuro,
1353 659 1555 712 magistro
1576 660 1710 701 scola-

174 726 267 752 rum
298 711 548 762 Lauientio,
589 712 783 766 Hugone
821 712 875 752 de
914 712 1143 764 Soteneun,
1188 715 1423 757 Lamberto
1449 716 1707 768 Flandrensi,

178 769 402 812 Gileberto
424 779 611 820 cant01e,
638 770 769 811 Ketel
789 769 879 810 filio
903 770 1105 813 Godman
1129 782 1172 814 et
1199 773 1384 815 Giroldo
1407 774 1625 817 canonico.

583 1016 643 1044 VI.
679 1015 823 1043 CARTA
845 1015 1097 1043 WILLIELMI
1121 1014 1272 1043 PRIMI.

648 1093 722 1134 [Ex
740 1093 819 1137 orig.
842 1095 868 1125 1.
893 1095 920 1125 1.
939 1091 1224 1134 Pontificalium]

231 1171 281 1213 In
316 1170 486 1212 nomine
511 1169 648 1211 Patris
686 1178 729 1210 et
767 1169 859 1210 Filii
895 1178 938 1210 et
978 1168 1158 1224 Spiritus
1187 1167 1344 1217 Sancti,
1373 1168 1525 1209 Amen.
1589 1169 1704 1219 Quia

172 1244 313 1270 rerum
355 1237 488 1270 status
514 1243 709 1268 successu
738 1227 939 1281 temporis
968 1226 1120 1281 saepius
1144 1226 1360 1274 imutatur,
1385 1236 1427 1267 et
1449 1227 1632 1267 virorum
1654 1227 1702 1268 il-

171 1287 366 1328 lustrium
404 1287 561 1327 devota
602 1284 791 1326 istitucio
822 1284 923 1341 [ita]
961 1284 1248 1326 diuturnitatis
1280 1283 1398 1324 senio
1438 1284 1701 1340 frequentius

169 1345 376 1394 aboletur,
415 1359 585 1385 omnem
622 1343 955 1397 perturbacionis
986 1342 1206 1384 materiem
1229 1350 1448 1396 amputare
1470 1358 1700 1392 conamur3

171 1413 214 1444 et
235 1403 412 1444 dilectos
435 1401 540 1443 filios
563 1410 728 1442 nostros
768 1401 1078 1442 Dunelmenses
1101 1410 1250 1441 contra
1286 1415 1454 1440 omnem
1478 1400 1702 1455 impugna-

169 1461 296 1502 tionis
319 1460 588 1502 occasionem
611 1459 734 1514 hujus
757 1469 885 1500 cartae
908 1469 1062 1499 nostrae
1091 1458 1322 1499 munimine
1344 1458 1523 1511 posteris
1546 1461 1700 1513 imper-

167 1528 345 1574 petuum
377 1517 639 1572 temporibus
672 1517 925 1571 praemunire
956 1516 1231 1559 decrevimus,
1297 1516 1562 1556 Dilectorum
1587 1516 1700 1558 enim

168 1577 351 1618 filiorum
385 1585 625 1616 nostrorum
651 1575 1005 1616 Dunelinensium
1025 1574 1344 1624 monachorum,
1369 1588 1474 1629 quos
1496 1574 1537 1613 in
1561 1575 1699 1616 eccle-

166 1635 228 1676 sia
248 1635 362 1676 beati
388 1633 611 1675 Cuthberti
633 1632 935 1682 substituimus,
951 1648 1056 1688 quos
1079 1642 1120 1673 et
1139 1632 1297 1673 viscera
1311 1642 1456 1672 nostra
1468 1631 1509 1671 in
1528 1632 1697 1674 Christo

167 1708 258 1735 esse
280 1707 510 1741 censemus,
534 1692 734 1741 libertati,
758 1691 903 1747 quieti,
928 1699 970 1732 et
993 1690 1099 1745 paci,
1124 1705 1212 1745 prae
1235 1691 1445 1739 omnibus,
1471 1691 1697 1733 consulere
1744 1720 1753 1723 -

167 1760 213 1793 et
243 1751 467 1806 providere
498 1749 795 1804 disposuimus.
864 1749 1007 1796 Quare
1040 1757 1189 1789 notum
1211 1748 1279 1798 sit,
1305 1757 1391 1788 tam
1415 1748 1694 1813 piaensentibus

169 1809 377 1859 omnibus,
401 1822 528 1864 quam
564 1807 730 1857 futuris,
755 1807 870 1863 quod
893 1822 987 1861 ego,
1019 1806 1264 1847 Willielmus
1287 1806 1371 1847 Dei
1394 1805 1537 1871 gracia
1569 1806 1693 1848 Dun-

168 1867 361 1908 elmensis
384 1868 618 1921 episcopuS,
642 1874 860 1920 praecepto
892 1875 934 1905 et
956 1864 1130 1905 consilio
1153 1863 1314 1904 domini
1338 1864 1537 1919 Giegmii
1564 1863 1693 1919 Papae

166 1925 347 1979 septimi,
371 1925 414 1964 in
436 1922 662 1979 praesentia
692 1922 851 1963 domini
891 1922 969 1962 mei
996 1922 1124 1976 Regis
1149 1920 1389 1970 Willielmi‚
1413 1921 1692 1963 assidentibus

166 1991 209 2024 et
230 1981 557 2023 assentientibus
582 1980 826 2021 Lanfranco
847 1989 888 2020 et
910 1980 1081 2020 lhoma
1104 1978 1458 2043 ArchiepiscopiS,
1482 1980 1688 2031 concedo,

165 2049 221 2090 et,
247 2039 500 2081 auct01itate
536 2037 728 2093 praedicti
754 2038 882 2092 Papae
924 2047 967 2078 et
1002 2052 1110 2087 mea,
1135 2037 1359 2086 constituo,
1392 2045 1437 2077 ut
1460 2052 1606 2079 omnes
1627 2038 1692 2079 fu-

166 2098 250 2140 turi
276 2098 445 2139 Priores
469 2096 768 2137 Dunelmeusis
791 2095 981 2137 ecclesiae
1004 2110 1148 2136 omnes
1191 2094 1421 2144 libertates,
1446 2095 1687 2149 dignitateS,

164 2156 349 2197 honores
387 2154 582 2204 Abbatis,
620 2153 820 2204 habeant,
860 2163 902 2195 et
933 2153 1076 2195 sedem
1105 2153 1282 2194 Abbatis
1305 2153 1346 2193 in
1368 2152 1498 2193 choro
1519 2152 1687 2195 sinistro

162 2215 409 2262 obtineant3
442 2222 485 2254 et
507 2227 652 2253 omnes
675 2212 825 2252 fratres
847 2212 1045 2253 officiales
1069 2211 1147 2266 ipsi
1170 2211 1301 2252 libere
1338 2219 1525 2252 statuant
1558 2219 1599 2252 et
1621 2226 1687 2254 re-

161 2280 378 2322 moveant,
402 2271 551 2325 etjure
573 2270 739 2312 Decani
770 2270 953 2324 primum
975 2270 1115 2310 locum
1137 2278 1180 2310 et
1214 2284 1360 2310 vocem
1382 2278 1477 2323 post
1512 2268 1686 2324 Episco-

162 2345 289 2386 pum·
279 2361 290 2379 ,
323 2338 367 2371 et
402 2329 445 2369 in
471 2328 669 2384 Episcopi
699 2327 762 2369 sui
798 2328 1049 2370 electionem
1069 2343 1166 2368 cum
1189 2327 1376 2382 capitulo
1399 2342 1476 2368 suo
1498 2337 1681 2378 teneant,

160 2398 204 2430 et
221 2402 495 2444 quascunque
532 2387 758 2441 dignitates
781 2401 853 2428 seu
886 2387 1067 2427 honores
1091 2386 1258 2427 Decani
1283 2385 1573 2426 Eboracenses
1604 2386 1683 2427 sub

161 2445 504 2511 Alchiepiseopis
528 2444 713 2486 Eboraci
751 2445 817 2485 vel
849 2460 975 2500 super
1007 2444 1326 2485 archidiaconos
1363 2442 1472 2484 illius
1495 2443 1682 2485 eeclesiae

157 2504 432 2560 optinuerint,
461 2503 626 2544 Piiores
662 2503 972 2544 Dunelmenses
1008 2503 1085 2543 sub
1124 2502 1338 2556 Episcopo
1374 2516 1449 2542 suo
1481 2509 1523 2542 et
1555 2516 1682 2556 super

158 2561 492 2606 Archidiaconos
514 2561 703 2602 ecclesiae
739 2560 853 2602 beati
880 2559 1107 2603 Cuthberti
1145 2560 1273 2600 libere
1301 2568 1343 2600 et
1363 2559 1506 2614 quiete
1529 2559 1681 2614 imper--

156 2631 331 2676 petuum
354 2619 610 2674 possideant.
675 2618 836 2660 Omnes
858 2634 957 2660 velo
980 2628 1110 2660 terias
1132 2633 1225 2658 suas
1248 2626 1291 2658 et
1312 2616 1539 2658 ecclesias
1530 2632 1571 2657 1n
1604 2632 1680 2659 sua

158 2694 196 2719 m
203 2693 283 2720 mu
306 2685 349 2719 et
372 2677 503 2718 libela
524 2676 804 2731 disposicione
826 2677 1025 2726 habeant,
1051 2676 1118 2717 vel
1138 2684 1338 2716 teneant·
1329 2707 1338 2723 ,
1374 2684 1417 2716 ut
1434 2689 1601 2730 semper
1623 2675 1676 2717 de

157 2737 229 2785 cis,
274 2751 340 2790 qu
333 2744 476 2776 tntum
518 2734 714 2789 poterint,
739 2734 925 2776 iedditus
961 2750 1057 2776 suos
1094 2742 1359 2782 accrescant3
1392 2733 1450 2774 ita
1472 2741 1516 2774 ut
1539 2733 1675 2774 nullus
