1807 2962
215 68 446 115 CCCXXXVl
524 84 659 116 HIST.
689 82 929 115 DUNELM.
960 73 1266 114 SCRI'PTQRES
1294 83 1432 116 TRES.

213 189 352 232 dimus
392 190 644 245 graciosum.
711 189 889 231 Necnon
920 189 1219 244 convencionis
1251 190 1430 231 formam
1462 205 1589 247 quam
1613 192 1751 235 dictus

213 249 431 292 confrater
461 257 607 290 noster
627 248 845 290 vobiscum
867 246 1175 303 appunctuavit
1198 248 1250 288 de
1274 248 1394 289 terris
1417 251 1568 290 nostris
1587 250 1628 291 in
1653 252 1752 295 villa

213 307 267 349 de
288 307 482 349 Threske
504 315 724 362 gratanter
744 305 988 361 accipimuS,
1010 315 1052 346 et
1073 320 1098 346 a
1119 305 1237 346 vobis
1260 306 1349 347 fieri
1367 307 1644 361 postulamus.
1694 310 1750 352 Et

211 374 394 407 vestram
416 365 671 407 carissimam
704 364 938 405 amiciciam
961 378 1057 404 cum
1090 362 1253 403 honore
1285 364 1468 406 feliciter
1505 375 1548 406 et
1571 366 1750 421 longeve

211 423 366 477 dirigat
388 423 429 464 in
451 423 627 478 agendis
658 424 863 464 immensa
883 421 1054 462 bonitas
1075 421 1178 462 Jesu
1207 421 1379 464 Christi.
1462 424 1644 480 Scripta,
1678 433 1748 468 etc.

213 484 390 534 [1456.]

329 793 467 824 CCLII.
516 792 671 820 BULLA
705 792 878 819 CALISTI
913 791 1038 818 PAPAE
1069 791 1228 818 TERCII
1268 792 1325 818 DE
1369 792 1629 819 POTESTATE

328 851 627 880 CONFERENDI
662 850 869 877 MINORES
904 849 1104 877 ORDINES
1129 849 1184 875 ET
1207 849 1528 877 BENEDICENDI
1555 850 1630 877 EC«-

328 909 616 938 CLESIASTICA
640 908 940 937 ORNAMENTA.

780 1001 890 1041 [Cart.
909 1000 984 1033 ΙΙΙ.
1004 999 1026 1032 f.
1045 1003 1110 1032 200
1129 1002 1175 1044 b.]

270 1101 457 1143 Calistus
479 1098 724 1154 Episcopus,
750 1112 894 1138 servus
916 1111 1131 1137 servorum
1156 1096 1255 1145 Dei,
1280 1095 1435 1136 dilecto
1459 1096 1546 1137 filio
1574 1096 1744 1139 Williel-

207 1175 278 1201 mo
305 1158 440 1200 Priori
463 1155 652 1199 ecclesiae
676 1155 990 1201 Dunelmensis,
1023 1153 1181 1195 ordinis
1204 1153 1336 1195 sancti
1363 1154 1601 1205 Benedicti,
1632 1156 1742 1197 salu-

206 1229 292 1261 tem
315 1226 358 1258 et
380 1216 655 1271 apostolicam
677 1213 1040 1256 benediccionem.
1122 1213 1263 1253 Sacrae
1287 1211 1514 1266 religionis,
1549 1214 1626 1254 sub
1659 1229 1742 1269 qua

202 1275 383 1320 ecclesia
416 1272 721 1316 Dunelmensis
754 1271 912 1313 ordinis
936 1271 1071 1312 sancti
1095 1270 1330 1320 Benedicti,
1355 1271 1548 1311 sedulum
1581 1271 1743 1326 impen-

203 1337 306 1378 dere
333 1332 554 1376 Altissimo
588 1330 820 1372 dinoscitur
855 1330 1121 1378 famulatum,
1144 1339 1413 1383 promeretur
1446 1328 1656 1379 honestas,
1695 1341 1740 1371 ut

203 1409 290 1435 non
322 1401 409 1434 tam
431 1391 522 1440 hiis,
547 1404 643 1445 quae
665 1389 792 1429 dictae
822 1387 1012 1430 ecclesiae
1034 1386 1166 1443 quieti
1198 1396 1241 1428 et
1275 1386 1587 1442 tranquillitati,
1612 1403 1739 1443 quam

203 1450 362 1501 decori,
384 1447 621 1506 praesertim
643 1447 699 1488 ad
742 1446 824 1488 Dei
868 1446 1037 1487 laudem
1061 1453 1102 1486 et
1124 1444 1256 1486 divini
1288 1445 1425 1485 cultus
1462 1455 1737 1499 augmentum

203 1508 410 1559 tendenti,
441 1505 718 1549 accommoda
739 1504 898 1545 censeri
920 1502 1215 1558 conspicimus,
1250 1503 1479 1557 benignum
1501 1519 1586 1544 non
1618 1505 1739 1545 diffe-

203 1582 345 1610 ramus
381 1579 598 1607 assensum
635 1562 857 1617 impertiri.
940 1562 1065 1609 Cum,
1090 1561 1248 1616 itaque,
1274 1560 1382 1602 sicut
1405 1561 1597 1602 exhibita
1618 1563 1737 1603 nobis

202 1640 341 1682 nuper
361 1639 439 1680 pro
460 1632 581 1679 parte
615 1630 687 1663 tua
718 1621 873 1675 peticio
895 1619 1155 1668 continebat,
1178 1618 1416 1674 Episcopus
1437 1619 1736 1660 Dunelmensis

203 1700 282 1740 pro
315 1693 508 1737 tempore
545 1679 729 1722 existens
770 1678 886 1734 apud
908 1677 1084 1719 eandem
1114 1677 1334 1718 ecclesiam
1367 1691 1515 1730 parum
1550 1678 1735 1719 residere

203 1750 420 1791 noscatur,
465 1738 770 1793 contingatque
822 1750 1115 1791 saepenumero
1155 1735 1275 1775 illum
1327 1735 1379 1776 ad
1413 1735 1733 1789 parliamentum

206 1799 345 1855 Regni
381 1798 552 1853 Angliae
589 1796 644 1837 ad
677 1794 1012 1836 interessendum
1050 1793 1207 1833 ibidem
1239 1793 1420 1844 evocari,
1445 1802 1486 1834 et
1508 1804 1736 1849 propterea

202 1856 401 1899 monachi
418 1856 545 1896 dictae
567 1854 757 1896 ecclesiae
795 1867 872 1908 pro
906 1851 1166 1906 suscipendis
1196 1852 1249 1892 ab
1282 1851 1375 1906 ipso
1398 1851 1615 1893 ordinibus
1638 1867 1733 1894 eum

198 1915 423 1958 commode
463 1914 581 1954 adire
621 1926 707 1952 non
744 1910 920 1965 possint,
965 1909 1137 1965 ipseque
1194 1909 1429 1965 Episcopus
1481 1910 1535 1950 ad
1585 1910 1734 1952 bendi-·

197 1973 382 2015 cendum
424 1970 466 2011 in
498 1969 613 2011 dicta
653 1968 849 2017 ecclessa,
887 1967 1065 2022 aliisque
1098 1967 1315 2016 ecclessiis,
1352 1967 1523 2023 capellis
1560 1977 1601 2009 et
1631 1969 1732 2010 locis

197 2032 252 2074 ab
274 2046 323 2073 ea
344 2027 698 2084 dependentibuS,
731 2025 895 2075 caliceS,
931 2025 1178 2079 corporalia,
1215 2025 1346 2076 pallas
1379 2025 1535 2076 altaris,
1575 2035 1617 2067 et
1651 2027 1733 2069 alia

198 2088 482 2131 ecclesiastica
510 2094 773 2134 ornamenta,
804 2083 912 2124 sicut
940 2083 1110 2124 deceret
1145 2092 1186 2124 et
1207 2093 1476 2139 congrueret,
1500 2085 1731 2140 aliquando

197 2162 348 2189 vacare
372 2160 454 2186 non
476 2144 621 2199 possit,
644 2157 724 2197 pro
747 2150 869 2197 parte
895 2152 968 2182 tua
1001 2140 1122 2182 nobis
1157 2140 1238 2182 fuit
1274 2141 1488 2184 humiliter
1523 2143 1732 2198 supplica-

197 2215 302 2255 tum,
326 2213 372 2245 ut
394 2202 572 2245 eandem
600 2200 833 2249 ecclesiam,
864 2215 960 2255 quae
982 2199 1093 2240 inter
1113 2198 1212 2240 alias
1239 2200 1377 2254 Regni
1401 2202 1621 2242 memorati
1648 2203 1729 2243 Ca—

196 2262 410 2306 thedrales
426 2258 686 2301 honorabilis
707 2259 762 2299 ad
785 2258 957 2298 niodum
981 2273 1030 2299 ac
1052 2257 1223 2312 insignis
1241 2266 1282 2299 et
1298 2259 1458 2300 famosa
1478 2259 1634 2310 existit,
1657 2275 1730 2301 cn-

187 2323 345 2378 jusque
369 2320 493 2362 Prior
513 2332 591 2373 pro
612 2326 806 2372 tempore
828 2317 1029 2367 existens,
1053 2326 1181 2371 prout
1197 2316 1340 2357 caeteri
1363 2317 1516 2357 similes
1538 2317 1728 2372 ejusdem

202 2379 344 2437 Regni
379 2378 562 2426 prim-es,
598 2377 723 2416 mitra
753 2384 797 2415 et
828 2374 980 2416 baculo
1001 2374 1203 2429 pastorali
1226 2389 1281 2415 ex
1313 2375 1584 2416 concessione
1606 2391 1728 2431 apos-

195 2439 322 2482 tolica
355 2435 418 2478 uti
450 2434 696 2484 dinoscitur,
730 2433 978 2488 propensius
1017 2433 1228 2473 honorare
1265 2447 1313 2473 ac
1344 2448 1470 2488 super
1501 2433 1579 2475 hiis
1602 2449 1725 2489 opor-

195 2507 299 2539 tune
350 2494 574 2550 providere
621 2493 675 2534 de
721 2491 985 2548 benignitate
1026 2490 1260 2545 apostolica
1305 2491 1605 2545 dignaremur3
1649 2507 1726 2534 nos

195 2555 337 2610 igitur,
377 2553 472 2602 tuis,
512 2565 676 2592 necnon
709 2550 850 2591 dilecti
885 2548 959 2590 filii
994 2549 1199 2590 Johannis
1235 2549 1329 2589 Lax
1363 2550 1502 2606 legum
1539 2550 1724 2591 doctoris

193 2610 409 2655 secretarii
440 2610 573 2650 nostri
602 2608 717 2664 apud
750 2623 824 2648 nos
857 2607 1074 2648 humiliter
1109 2605 1304 2647 instantis
1343 2607 1724 2662 supplicacionibus

196 2670 401 2717 inclinati,
426 2667 502 2709 tibi
524 2676 567 2708 et
589 2666 898 2707 successoribus
935 2665 1016 2705 tuis
1053 2679 1130 2719 pro
1164 2673 1356 2719 tempore.
1393 2666 1609 2706 monachis
1631 2681 1725 2720 pre-

190 2729 289 2770 fatae
326 2726 514 2768 ecclesiae
549 2724 740 2766 ordinem
775 2732 1054 2766 memoratum
1089 2737 1289 2778 expresse
1330 2723 1541 2778 professis,
1576 2739 1721 2765 omnes
