1807 2962
495 112 761 150 ROBERTUS
800 100 866 148 DE
895 112 1242 148 GRAYSTANES.·
1566 106 1636 156 39

67 220 230 266 losum
268 235 380 267 esset
417 224 526 280 Regi
563 233 606 266 et
643 239 787 280 regno,
826 232 872 266 ut
905 238 1003 264 suus
1034 222 1224 264 inimicus
1246 235 1289 264 et
1312 222 1469 264 amicus
1494 223 1629 280 Regis·

98 283 255 326 Scotiae
288 281 553 338 [episcopus]
590 282 647 324 ibi
669 291 796 324 esset.
860 282 971 323 Item
994 280 1092 322 fecit
1114 281 1358 335 homagium
1385 281 1495 336 Regi
1521 282 1626 322 Sco-

96 340 181 384 tiae.
249 341 360 383 Item
396 340 524 383 habet
559 350 688 383 terras
710 355 803 382 suas
827 339 1070 388 maritimas,
1095 340 1164 380 ubi
1189 354 1266 394 pro
1288 338 1408 404 libito
1429 354 1507 380 suo
1528 353 1625 393 pos-

93 399 161 448 sit,
193 398 327 440 invito
350 399 489 464 Rege,
516 399 701 441 Fiancos
723 407 766 441 et
791 397 1073 440 Flandrenses
1094 397 1297 452 recipere,
1322 396 1363 437 in
1386 396 1623 452 peliculum

96 456 226 511 Regis
248 468 290 498 et
312 456 446 511 regni.
504 457 614 499 Item
638 466 839 513 tanquam
861 455 1074 497 homicida
1095 465 1157 497 est
1178 455 1457 510 iepellendus.
1515 454 1623 496 Item

93 514 357 571 impugnavit
379 515 598 557 libertates
622 514 826 557 ecclesiae.
897 514 1006 555 Item
1030 514 1250 555 morbosus
1272 522 1347 555 est.
1402 513 1510 555 Item
1534 515 1622 555 voti

78 581 405 630 transgressor3
428 573 527 629 quia
547 588 619 614 cai
622 588 694 615 nes
716 570 944 627 [comedit],
968 579 1010 613 et
1027 571 1117 612 aliis
1135 570 1347 613 licentiam
1365 571 1622 612 comedendi

76 604 405 674 .dedit³.'1te1n
436 630 704 687 symoniacus
740 639 805 672 est
839 629 980 671 multis
1017 629 1167 671 causis.
1244 630 1356 671 Item
1393 629 1540 671 incidit
1578 628 1621 670 in

90 703 299 730 canonem
328 689 428 730 latae
461 688 697 733 sententiae.
765 688 872 730 Item
910 701 996 728 non
1020 699 1081 729 est
1110 686 1365 729 sufficienter
1386 685 1619 729 literatus*

83 747 235 788 ‘Causa
263 756 405 788 autem
445 762 541 797 una,
577 762 708 803 qnare
746 747 842 788 Rex
877 745 934 786 sic
969 761 1012 787 se
1035 745 1245 801 opposuit,
1269 744 1347 786 suit
1336 776 1361 795 ,
1385 745 1499 801 quia,
1523 760 1619 786 cum

94 804 189 845 Rex
221 804 410 846 differret
440 805 681 846 consentire
713 803 909 846 electioni
941 812 983 845 et
1017 804 1199 845 electum
1229 803 1467 854 admittere,
1491 803 1621 844 insta-

70 862 193 904 *bant
210 863 404 904 monachi
420 878 496 918 pro
513 863 649 917 gratia
670 863 798 917 Regis
816 862 1039 911 habenda;
1063 870 1104 903 et
1124 876 1229 903 unus
1247 876 1407 912 eorum,
1426 876 1621 916 prorum·

89 935 191 975 pens
206 920 248 961 in
268 921 411 971 verba,
434 921 540 975 Regi
558 921 682 971 dixit,
721 927 747 947 “
761 920 946 969 domine,
967 935 1051 961 non
1067 934 1240 974 egemus
1258 919 1395 974 gratia
1411 935 1568 976 magna
1582 918 1620 968 ;’'

89 977 270 1019 ele-ctum
294 979 507 1021 valentemv
527 989 741 1034 reputans,
766 991 806 1020 et
823 977 1074 1020 electionem
1098 978 1178 1019 rite
1195 977 1364 1019 factam.
1418 978 1475 1019 Et
1496 978 1614 1018 Rex:

92 1043 119 1062 “
141 1036 209 1077 Ex
239 1052 325 1093 quo
360 1037 498 1091 gratia
532 1052 616 1078 non
655 1036 866 1091 indigetiS,
905 1036 993 1077 sine
1025 1036 1164 1090 gratia
1199 1035 1446 1077 recedetis.”
1525 1036 1620 1090 [In-

90 1093 289 1148 dignacio
323 1095 455 1151 Regis
492 1095 668 1136 nuncius
705 1096 864 1144 mortis,
904 1103 946 1135 et
980 1094 1042 1135 vir
1063 1094 1228 1150 sapiens
1250 1094 1437 1148 placabit
1458 1093 1618 1147 euml]

95 1153 165 1193 Sic
199 1152 327 1207 igitur
359 1153 457 1194 Rex
488 1168 574 1194 non
606 1153 742 1195 solum
774 1153 945 1209 negavit
976 1153 1170 1207 gratiam,
1195 1153 1266 1193 Sed
1291 1151 1537 1207 procuravit
1558 1151 1619 1192 in-

90 1210 302 1254 stantiam.
369 1210 456 1252 Diu
478 1211 607 1265 igitur
628 1226 753 1265 super
774 1211 1097 1265 exceptionibus
1119 1210 1345 1252 antedictis
1367 1225 1510 1251 coram
1537 1211 1614 1252 W,

95 1269 212 1325 Gray
251 1269 511 1310 Ebot-acensi
546 1269 879 1323 Archiepiscopo
912 1268 1146 1322 litigabant.
1212 1268 1269 1308 Et
1306 1282 1401 1309 cum
1440 1266 1617 1308 Archie-

89 1325 286 1382 piscopos
309 1327 509 1381 praefatus
532 1327 659 1368 nichil
682 1327 820 1368 eficax
837 1327 895 1367 eis
918 1326 1090 1377 faceret,
1110 1326 1182 1367 sed
1202 1335 1315 1367 metu
1338 1325 1469 1381 Regis
1488 1340 1617 1379 nego-

90 1383 194 1425 tlum
238 1385 484 1439 prffotelaiet,
527 1385 696 1426 missum
731 1395 792 1426 est
827 1383 958 1425 curiae
996 1385 1075 1426 sub
1111 1384 1190 1425 hac
1227 1383 1375 1425 forma.
1458 1390 1486 1410 ‘⁶
1508 1384 1617 1425 Cum

89 1442 238 1483 ecclesi
243 1459 267 1484 ι
302 1442 602 1485 Dunelmensis
631 1457 767 1498 nuper
788 1451 956 1508 pastore
979 1451 1178 1491 vacasset,
1203 1446 1268 1493 [et
1294 1442 1418 1483 Prior
1438 1449 1481 1482 et
1503 1442 1617 1496 capi-

90 1500 239 1553 tulum,
264 1501 397 1555 petita
417 1511 461 1543 et
481 1510 672 1556 optenta,
696 1500 804 1542 sicut
820 1500 947 1542 moris
966 1510 1043 1550 est,
1067 1516 1091 1542 a
1108 1500 1284 1541 domino
1304 1500 1423 1557 Rege
1441 1499 1618 1541 licencia

89 1532 288 1612 eligendi,
325 1558 394 1601 die
431 1560 486 1600 ad
523 1560 604 1600 hoc
625 1560 820 1614 praefixa,
845 1532 1123 1614 praesentibus
1146 1535 1453 1614 omiiibt1s‚³³qt1i
1475 1557 1619 1598 volue-

88 1625 197 1666 rant,
221 1625 463 1671 potuerant,
487 1629 529 1659 et
551 1617 787 1659 debuerant
810 1617 1023 1667 interesse,
1047 1617 1100 1658 ad
1125 1616 1390 1658 tractandum
1414 1615 1467 1657 de
1485 1615 1617 1657 futuri

44 1716 48 1718 .
88 1673 298 1716 electione
311 1675 507 1740 pastoris,
527 1675 566 1715 in
585 1675 773 1730 capitulo
790 1675 1102 1725 convenissent,
1122 1682 1218 1729 post
1237 1674 1393 1715 multos
1412 1682 1616 1715 tractatus

88 1732 470 1787 compromiserunt
493 1733 532 1773 in
557 1747 639 1774 v111
661 1748 716 1775 ex
739 1732 850 1787 ipsiS,
875 1732 959 1789 qui,
984 1734 1076 1774 vice
1098 1732 1302 1781 omnium,
1327 1731 1402 1786 ipsi
1426 1731 1615 1773 ecclesiae

87 1789 142 1831 de
179 1806 360 1845 persona
392 1791 559 1847 ydonea
590 1790 894 1847 ploxiderent3
928 1791 1012 1846 qui,
1036 1789 1315 1832 secedentes
1306 1804 1346 1829 m
1368 1798 1546 1845 partem,
1571 1799 1616 1830 et

89 1847 200 1889 i-nter
220 1864 264 1890 se
287 1849 480 1903 diligenti
503 1859 541 1890 tt
544 1860 683 1891 aetatu
707 1865 814 1890 com
819 1859 1022 1899 ementes,
1046 1848 1086 1889 in
1111 1863 1240 1889 unum
1264 1847 1525 1912 elegerunt,
1523 1847 1615 1889 vice

84 1921 162 1948 sua
178 1916 219 1948 et
239 1908 441 1958 omnium,
462 1920 503 1949 et
518 1907 562 1948 in
585 1908 856 1963 Episcopum,
880 1907 1072 1948 Priorem
1089 1905 1294 1956 ecclesiae,
1314 1920 1448 1946 virum
1467 1905 1615 1961 utique

86 1963 316 2015 literatum,
342 1966 566 2020 providum
588 1976 630 2006 et
652 1966 890 2015 honestum,
913 1980 990 2020 per
1012 1967 1129 2021 cnjus
1152 1963 1403 2004 industriam
1426 1964 1614 2005 creditur

85 2037 208 2077 posse
245 2024 334 2077 ipsa
370 2024 549 2065 ecclesia
582 2024 625 2064 in
659 2023 948 2079 spiritualibus
986 2033 1028 2064 et
1065 2022 1401 2077 temporalibus
1391 2037 1434 2062 m
1462 2022 1613 2063 melius

86 2080 331 2130 reformari3
355 2082 488 2136 cujus,
520 2097 616 2123 cum
650 2083 704 2123 ab
736 2081 930 2123 omnibus
962 2090 1071 2122 esset
1094 2089 1327 2145 acceptata,
1352 2088 1395 2120 et
1417 2080 1614 2121 dominus

89 2137 201 2188 Rex,
239 2139 457 2181 humiliter
494 2140 735 2196 requisitus,
774 2139 828 2180 de
865 2139 933 2180 die
968 2139 1009 2179 in
1046 2140 1159 2180 diem
1191 2138 1323 2179 darc
1315 2138 1394 2193 ipsi
1414 2137 1614 2179 electioni

85 2210 206 2237 suum
239 2197 423 2239 deferret
453 2213 680 2248 assensum,
714 2213 766 2238 ne
789 2199 879 2252 ipsa
900 2197 1081 2238 ecclesia
1101 2197 1179 2237 sub
1201 2196 1368 2237 diutina
1390 2197 1612 2237 vacatione

85 2268 289 2308 magnum
308 2255 541 2296 incur-reiet
563 2257 880 2306 detrimentum,
904 2271 1000 2296 cum
1024 2255 1192 2295 interim
1215 2269 1360 2295 omnes
1383 2269 1487 2308 plot
1490 2264 1612 2295 entus

84 2311 343 2367 episcopales
375 2324 636 2368 occupentut
657 2330 683 2355 a
706 2315 841 2370 Rege,
865 2328 943 2355 nec
966 2313 1005 2353 in
1029 2329 1128 2354 usus
1150 2312 1278 2367 ipsius
1299 2311 1489 2353 ecclesiae
1512 2326 1613 2352 con·

85 2379 318 2420 vertantur,
352 2372 425 2412 sed
462 2371 504 2411 in
537 2373 730 2427 ρι’·οριίο5
763 2387 861 2412 usus
896 2371 1039 2425 Regis,
1063 2380 1105 2411 et
1127 2370 1182 2411 ibi
1207 2385 1407 2423 magnum
1429 2369 1612 2410 emineat

85 2427 319 2481 periculum
351 2429 601 2478 animarum,
629 2429 728 2485 quia
749 2444 832 2469 non
855 2439 917 2470 cst
939 2430 1010 2484 qui
1033 2402 1300 2482 pontificale²³
1301 2435 1498 2467 exerceat
1519 2426 1611 2467 offi-

84 2484 196 2525 cium
219 2484 261 2525 in
283 2485 450 2535 eodem,
469 2485 547 2527 fuit
568 2487 715 2528 eadem
733 2485 911 2527 electio
903 2487 981 2538 1psi
1001 2487 1118 2527 me
1120 2500 1257 2527 acen51
1276 2484 1610 2539 Archiepiscopo

85 2551 342 2597 praesentata
375 2558 429 2585 cx
470 2553 590 2598 parte
626 2544 756 2598 ipsius
792 2543 985 2598 capituli,
1018 2552 1059 2584 et
1091 2543 1226 2598 petita
1257 2543 1524 2583 confirmatio
1555 2542 1610 2583 ab

86 2601 252 2644 eodem.
311 2601 465 2642 Coram
489 2616 587 2657 quo,
611 2617 706 2643 cum
731 2602 901 2658 quidam
925 2616 1002 2656 pro
1021 2602 1140 2657 Rege
1159 2616 1201 2642 se
1221 2600 1296 2655 ipsi
1315 2600 1512 2642 electioni
1534 2615 1612 2655 opu

155 2718 171 2733 ⁵*
187 2716 250 2749 See
266 2717 481 2758 Arrtumx,
500 2717 564 2750 No.
585 2727 672 2757 rna,
690 2718 800 2750 where
820 2718 877 2750 the
897 2718 1017 2759 King's
1035 2718 1232 2762 exceptions
1249 2721 1305 2750 are
1324 2717 1367 2750 all
1386 2716 1558 2762 sfficii-ied-

695 2766 720 2805 †
738 2763 827 2796 Prov
859 2774 934 2796 xv1.
955 2766 1004 2795 14.
