1807 2962
192 128 283 176 xliv
503 141 637 173 H1sT.
665 139 903 172 DUNELM.
932 137 1239 171 scnirronns
1267 138 1405 170 rans.

417 365 487 405 De
506 364 656 405 solacio
676 362 894 403 Fratribus
907 361 1110 414 faciendo
1130 362 1173 400 in
1189 373 1259 400 esu
1278 361 1479 402 carnium.

248 455 372 504 Cum,
407 467 465 493 ex
501 451 818 506 dispensacione
852 450 973 492 Sedis
1014 449 1287 504 Apostolicae,
1317 448 1444 490 liceat
1476 447 1714 489 Abbatibus

187 513 339 554 fratres
374 526 471 552 suos
504 519 679 565 propter
714 509 926 557 solacium,
951 508 992 549 in
1023 507 1200 549 cameris
1223 506 1305 547 suis
1328 506 1554 562 aliquando
1571 521 1715 547 secum

188 571 414 620 advocare,
453 578 497 609 et
530 583 602 609 eos
635 567 802 622 plenius
834 566 1023 616 exibere,
1049 566 1238 606 Thomas
1264 564 1387 605 Prior
1409 563 1715 605 recreationem

188 628 380 677 fratrum,
404 627 476 683 qui
496 634 670 681 portant
691 625 858 680 pondus
880 624 964 665 diei
986 634 1028 665 et
1049 632 1191 673 aestus,
1217 623 1364 663 volens
1387 622 1715 663 misericorditer

187 685 444 741 prospicere,
482 683 683 738 providit,
721 691 784 733 ut,
818 681 992 737 singulis
1025 681 1159 732 annis,
1190 680 1455 735 temporibus
1487 679 1585 729 suis,
1606 679 1716 720 inter

191 743 400 785 Pascham
433 753 476 784 et
515 742 799 783 Pentecosten
836 740 987 781 fratres
1025 739 1065 780 in
1098 754 1170 781 esu
1204 738 1394 780 carnium
1427 737 1490 779 bis
1510 737 1716 792 recipiant

186 802 514 843 recreacionem.
580 799 688 840 Item
722 799 834 839 inter
865 798 1019 839 festum
1053 798 1326 838 Pentecostes
1353 804 1395 837 et
1426 796 1576 837 festum
1599 794 1716 836 beati

190 858 416 901 Benedicti
437 857 527 899 bis:
562 856 661 897 item
684 856 792 898 inter
813 856 966 898 festum
989 856 1120 896 sancti
1148 853 1371 896 Benedicti
1394 862 1436 894 et
1457 853 1611 894 festum
1637 853 1718 893 As—

189 915 444 972 sumpcionis
465 916 605 956 beatae
637 913 824 967 Virginis
845 914 933 955 bis:
967 913 1067 954 item
1090 914 1200 954 inter
1221 912 1377 953 festum
1401 910 1716 964 Assumpcionis

189 984 234 1016 et
265 973 495 1015 nativitatis
525 973 665 1015 beatae
696 971 883 1026 Virginis
911 970 1004 1012 bis:
1038 972 1139 1012 item
1163 969 1273 1010 inter
1292 969 1444 1010 festum
1472 967 1717 1009 Nativitatis

189 1042 234 1074 et
270 1031 399 1073 sancti
438 1030 661 1072 Michaelis
697 1029 789 1070 bis:
823 1029 922 1070 item
956 1028 1064 1069 inter
1095 1028 1251 1069 festum
1273 1028 1404 1068 sancti
1430 1026 1653 1068 Michaelis
1676 1036 1718 1067 et

190 1091 397 1133 Omnium
445 1089 697 1129 Sanctorum
737 1087 827 1127 bis:
870 1086 970 1127 item
1009 1101 1033 1126 a
1067 1085 1175 1126 festo
1218 1084 1419 1126 Omnium
1464 1085 1752 1126 Sanctorum(

187 1163 321 1204 usque
356 1147 602 1187 Adventum
633 1144 810 1185 Domini
839 1144 928 1185 bis:
962 1143 1064 1184 item
1095 1160 1119 1185 a
1143 1142 1289 1184 Natali
1313 1157 1443 1197 usque
1466 1142 1519 1183 ad
1544 1141 1719 1196 Epis-an-

188 1221 286 1262 yam
318 1204 469 1246 semel:
502 1205 606 1244 item
637 1202 689 1243 ab
724 1201 967 1257 Epiphania
997 1216 1129 1257 usque
1161 1201 1215 1241 ad
1249 1200 1613 1256 Septuagesimam
1637 1200 1716 1243 bis.

189 1265 309 1305 Idem
332 1262 465 1303 eciam
493 1261 615 1302 Prior
632 1259 962 1300 misericorditer
983 1258 1181 1314 providit,
1205 1266 1264 1308 ut,
1288 1266 1444 1313 praeter
1464 1257 1537 1298 has
1555 1272 1719 1298 recrea-

186 1321 344 1368 ciones,
367 1335 397 1360 x
418 1318 605 1374 antiquae
626 1317 906 1359 recreationes
929 1318 1031 1359 fiant
1053 1316 1185 1358 solitis
1207 1315 1467 1371 temporibus
1490 1315 1602 1365 anni,
1620 1329 1719 1356 cum

186 1388 371 1435 quatuor
391 1377 558 1418 ferculis
580 1376 633 1418 de
654 1376 850 1416 carnibus
871 1375 924 1416 ad
948 1390 1073 1416 unam
1094 1374 1332 1430 pitantiam,
1357 1373 1586 1414 secundum
1610 1372 1719 1414 anti-

188 1451 317 1493 quam
358 1435 556 1491 graciam.
634 1434 682 1474 Iu
723 1433 813 1474 aliis
854 1441 994 1474 autem
1031 1432 1360 1474 recreationibus
1397 1430 1716 1486 praenominatis

186 1494 397 1535 sufficiant
433 1493 520 1534 duo
557 1491 717 1533 fercula
751 1491 1044 1545 competencia
1080 1491 1133 1531 de
1169 1490 1377 1539 carnibus,
1416 1504 1511 1529 cum
1549 1488 1717 1529 ferculis

188 1551 404 1601 ordinatis,
439 1565 535 1606 quae
572 1551 820 1592 Conventus
852 1549 978 1590 habet
1012 1549 1052 1588 in
1078 1547 1342 1597 Refectorio,
1366 1546 1443 1586 nisi
1470 1547 1717 1588 Conventus

187 1610 317 1652 fuerit
339 1609 380 1649 in
403 1608 560 1663 cappis.
622 1607 746 1648 Tunc
768 1622 870 1648 vero
892 1606 1100 1647 sufficiant
1120 1606 1206 1647 duo
1227 1605 1388 1647 fercula
1409 1603 1716 1659 competencia,

188 1683 286 1724 quae
325 1668 571 1708 Conventus
602 1665 733 1706 habet
763 1666 806 1705 in
843 1664 1102 1713 Refectorio,
1137 1679 1231 1705 cum
1265 1664 1431 1704 duobus
1463 1662 1631 1703 ferculis
1664 1662 1719 1702 de

188 1725 399 1767 carnibus.
463 1725 514 1765 In
555 1723 650 1764 loco
686 1732 826 1764 autem
860 1722 1113 1763 recreationi
1144 1722 1319 1762 fratrum
1349 1720 1556 1775 deputato
1578 1719 1718 1760 nullus

186 1783 384 1825 secularis
421 1781 683 1830 admittatur,
722 1789 878 1835 praeter
913 1779 1144 1822 servientes
1174 1780 1228 1820 ad
1257 1778 1526 1820 serviendum
1548 1777 1605 1819 ibi
1623 1792 1719 1832 spe-

188 1841 351 1883 cialiter
373 1840 597 1895 deputatos
620 1847 663 1879 et
678 1838 857 1893 juratos.

401 1957 470 1996 De
491 1955 729 1995 Elemosina
744 1954 951 2005 facienda
972 1955 1015 1993 in
1037 1953 1170 1994 Festis
1183 1953 1501 2005 princzpalc'bus,

249 2046 358 2087 Item
390 2045 537 2085 statuit
567 2043 679 2084 idem
702 2043 898 2084 dominus
921 2042 1110 2084 Thomas
1135 2041 1258 2083 Prior
1279 2039 1596 2086 Dunelmensis,
1620 2054 1717 2081 cum

187 2118 391 2145 consensu
424 2110 466 2143 et
498 2101 672 2143 consilio
709 2100 911 2155 Capituli,
941 2099 1096 2142 festum
1119 2099 1350 2140 nativitatis
1371 2098 1485 2140 beati
1509 2097 1715 2139 Johannis

192 2161 398 2216 Baptistae
419 2159 676 2215 principale3
699 2168 741 2200 et
765 2158 879 2214 quod
902 2158 943 2198 in
966 2159 1164 2200 omnibus
1181 2157 1297 2199 festis
1320 2156 1620 2212 principalibus
1641 2170 1718 2210 per

187 2234 357 2268 annum,
382 2218 541 2259 scilicet
562 2217 801 2258 Nativitatis
822 2216 1008 2266 Domini,
1031 2216 1340 2258 Purificaeione
1356 2216 1494 2256 beatae
1513 2213 1714 2267 Virginis,

188 2276 476 2331 Deposicione
508 2275 641 2316 sancti
667 2274 907 2324 Cuthberti,
936 2274 1111 2324 Pascha,
1138 2273 1414 2322 Ascensione,
1442 2272 1714 2320 Pentecoste,

190 2334 426 2384 Trinitatis,
474 2333 710 2374 Nativitate
750 2332 866 2373 beati
898 2332 1104 2374 ,Iohannis
1142 2331 1364 2387 Baptistae,
1408 2328 1716 2384 Assumpcione

188 2403 347 2434 sanctae
383 2391 549 2441 Mariae,
588 2391 818 2432 festivitate
852 2392 986 2432 sancti
1022 2389 1220 2439 Oswaldi,
1256 2387 1562 2430 Translacione
1583 2385 1716 2427 sancti

192 2450 433 2500 Cuthberti,
477 2460 519 2491 et
555 2448 782 2490 festivitate
830 2448 1028 2489 Omnium
1074 2449 1340 2497 Sanctorum,
1379 2446 1538 2486 scilicet
1575 2453 1634 2494 ut,
1670 2445 1716 2484 in

187 2509 339 2549 horum
371 2507 557 2562 singulis,
592 2506 899 2548 distribuantur
926 2506 1073 2563 viginti
1095 2506 1218 2546 solidi
1240 2505 1293 2546 ad
1316 2503 1539 2545 emendum
1563 2516 1715 2556 panem

187 2568 241 2607 ad
271 2581 368 2607 usus
400 2580 647 2620 pauperum,
683 2565 737 2605 de
770 2564 955 2605 scacario
980 2564 1151 2613 prioris,
1171 2563 1242 2618 qui
1261 2578 1337 2617 pro
1359 2571 1549 2615 tempore
1571 2559 1712 2608 fuerit,

185 2624 431 2678 recipiendi.
495 2623 579 2670 Qui
614 2621 773 2663 denarii
810 2622 1009 2679 assignati
1044 2631 1142 2662 sunt
1176 2621 1230 2661 ad
1267 2620 1379 2661 istud
1411 2633 1514 2673 opus
1545 2616 1713 2672 pietatis

186 2681 486 2737 exequendum
512 2681 694 2721 fideliter
715 2680 755 2720 in
780 2676 1030 2734 perpetuum
1054 2680 1107 2722 de
1131 2678 1305 2722 eeclesia
1326 2678 1379 2720 de
1399 2675 1711 2732 Edelyngham‚

188 2740 386 2781 videlicet
408 2738 634 2780 duodecim
656 2738 776 2779 librae
798 2737 975 2792 argenti.
