1807 2962
393 87 683 123 GAUFRIDUS
720 89 786 121 DE
825 86 1191 120 coLmNGHAM.
1499 72 1555 113 11

159 415 258 447 CAP.
293 415 372 443 vll.
435 415 494 443 DE
538 414 839 444 ORNAMENTIS
884 415 987 448 QUAE
1041 415 1172 443 HUGO
1205 415 1452 445 EPISCOPUS

364 473 600 502 CONTULIT
632 473 862 501 ECCLESIAE
893 472 1247 501 DUNHELMENSL‘

552 565 644 606 [MS.
664 567 746 610 Cap.
769 576 863 600 cx1v.
885 566 942 599 fol.
964 567 1054 608 168]

102 663 431 704 Antecessorum
454 660 608 711 studia,
624 660 696 717 qui
713 660 933 702 ecclesiam
949 668 1291 712 construxerant,
1311 669 1354 704 et
1369 661 1502 703 multa
1519 662 1574 703 ad

43 720 239 762 decorem
269 729 311 761 et
342 718 657 760 munimentum
690 718 775 760 illic
809 719 1093 770 contulerant,
1116 720 1373 774 abprobanS,
1397 720 1575 775 diligen-

45 778 147 820 tiam
184 777 374 818 aemulari
406 776 581 826 studuit,
620 791 645 818 a
677 777 830 833 quibus
864 777 1123 819 documenta
1153 777 1376 832 probitatis
1398 777 1577 833 accepit.

46 836 218 878 Novum
249 849 351 889 ergo
386 834 440 876 ad
462 833 712 876 orientalem
734 834 923 889 ejusdem
946 835 1133 876 ecclesiae
1157 835 1324 890 plagam
1348 850 1456 890 opus
1478 850 1579 876 con-

47 903 211 935 struere
233 892 376 947 coepit.
440 894 481 934 A
504 891 791 934 transmarinis
813 893 1003 948 partibus
1025 892 1326 934 deferebantur
1340 893 1579 948 columpnae

50 960 92 993 et
112 952 234 992 bases
255 965 519 992 marmoreae.
568 951 763 1006 Cumque
785 951 940 1005 plureS,
957 965 1034 992 nec
1056 950 1146 992 sine
1164 950 1352 1006 ipsorum
1373 951 1578 1006 periculo,

50 1009 145 1050 fatis
162 1008 535 1073 intercedentibus,
559 1008 881 1050 admitteiwentei
902 1008 1102 1063 magistri,
1126 1018 1171 1050 et
1192 1018 1257 1051 tot
1275 1009 1451 1051 haberet
1468 1024 1520 1062 pl
1524 1023 1584 1049 m-

52 1067 163 1122 cipia
188 1073 293 1131 quot
325 1066 528 1120 magistri,
551 1065 788 1121 sumptibus
810 1066 992 1121 copiosis
1014 1067 1057 1107 in
1079 1066 1293 1122 operatios
1315 1067 1515 1122 inpensis,
1539 1075 1584 1108 et

53 1124 184 1165 mulis
203 1125 247 1165 111
269 1123 453 1180 aliquam
476 1123 544 1164 vix
580 1124 849 1165 altitudinem
871 1124 1032 1174 erectis,
1057 1124 1100 1165 in
1131 1126 1258 1166 rimas
1281 1125 1453 1166 tandem
1476 1124 1585 1167 deis·-

54 1189 187 1232 celet,
204 1181 470 1223 manifestum
485 1181 523 1222 d
517 1182 707 1237 ‘ibat[ur]
727 1182 922 1224 inditium
941 1182 984 1222 id
1003 1182 1100 1223 Deo
1118 1191 1159 1223 et
1174 1183 1335 1224 famulo
1353 1199 1430 1224 suo
1451 1182 1587 1224 Cuth-

55 1241 179 1281 berto
200 1254 286 1280 non
309 1239 436 1281 fuisse
458 1249 694 1294 acceptum.
743 1239 994 1295 Omissoque
1016 1254 1144 1294 opere
1165 1239 1253 1290 illo,
1272 1241 1420 1282 aliud
1410 1256 1451 1281 1n
1474 1241 1587 1281 occi-

58 1298 232 1339 dentem
254 1297 496 1346 inchoavit3
519 1297 561 1338 in
576 1312 661 1353 quo
682 1297 898 1338 muliebris
915 1297 1028 1339 licite
1046 1299 1169 1339 fieret
1186 1298 1406 1347 introitus;
1428 1306 1474 1339 ut
1489 1313 1587 1354 quae

59 1370 144 1396 non
158 1355 374 1396 habebant
391 1355 444 1395 ad
459 1357 689 1396 secretiora
702 1364 871 1396 sanctor
875 1370 944 1396 um
963 1356 1079 1396 locor
1083 1371 1153 1396 um
1171 1357 1435 1411 corporalem
1450 1371 1591 1397 acces-

62 1428 168 1478 sunm,
188 1413 361 1469 aliquod
377 1413 511 1454 habel
514 1422 587 1454 ent
601 1428 656 1454 ex
674 1428 746 1454 eor
752 1428 820 1454 um
842 1413 1203 1477 contemplatione
1221 1413 1430 1456 solatium.
1469 1414 1591 1455 Fecit

62 1471 189 1537 etiam
212 1486 254 1511 in
277 1471 457 1512 ecclesia
491 1485 634 1512 coram
666 1470 787 1512 altari
829 1470 908 1512 tria
948 1485 1006 1513 ex
1042 1480 1220 1538 algento
1260 1472 1451 1522 baccilia,
1494 1487 1591 1513 cum

63 1530 162 1570 unci
169 1529 199 1568 is
222 1530 306 1569 suis
327 1528 554 1583 algenteis,
570 1528 759 1570 cristallis
779 1528 945 1570 mixtim
963 1531 1131 1571 insertis
1136 1530 1246 1584 ,dep
1252 1529 1391 1580 endi,'
1382 1546 1425 1571 1n
1440 1529 1593 1586 quibus

63 1586 224 1629 lumina
253 1586 322 1627 die
346 1594 558 1642 noctuque
579 1595 792 1641 perpetuo
813 1587 1018 1636 ardentia,
1043 1587 1098 1628 ob
1121 1587 1438 1630 venerationem
1461 1588 1595 1629 sancti

64 1643 195 1700 patiis
216 1643 443 1686 cuthberti
461 1654 504 1685 et
524 1644 812 1700 reliquiarum,
837 1645 952 1686 lucei
955 1654 1052 1693 ent
1075 1645 1156 1686 alia
1169 1660 1338 1702 quoque
1356 1646 1398 1687 in
1416 1645 1596 1687 circuitu

66 1702 214 1744 altaris
244 1702 299 1743 ad
320 1702 450 1743 instar
482 1716 652 1743 coronae
674 1717 801 1757 super
831 1676 1089 1744 candelabia
1109 1705 1224 1757 poni,
1247 1718 1344 1759 quae
1366 1718 1499 1760 maJm
1503 1704 1596 1745 1bus

69 1759 314 1814 solempniis
355 1775 546 1809 accensa,
579 1760 800 1801 ecclesiam
838 1760 921 1801 suis
957 1760 1195 1815 fulgmibus
1232 1775 1266 1802 11
1268 1761 1509 1810 radlarent
1541 1761 1597 1803 ad

68 1833 176 1874 qum
181 1833 249 1858 um
271 1818 463 1859 defectus
485 1833 631 1859 omnes
653 1819 697 1859 in
729 1818 919 1859 futurum
948 1820 1215 1860 evacuandos
1246 1819 1305 1860 eis
1339 1819 1598 1861 inveniendis

68 1875 262 1917 redditus
296 1875 527 1925 constituit,
561 1884 677 1917 certo
706 1876 888 1917 termino
909 1876 1238 1932 percipiendos3
1269 1877 1474 1918 feretrum
1497 1892 1603 1933 quo-

71 1948 155 1989 que
177 1948 233 1974 ex
253 1948 358 1974 auro
379 1941 422 1975 et
443 1942 634 1988 argento,
659 1933 701 1974 in
732 1949 817 1990 quo
839 1949 934 1976 ossa
964 1934 1231 1976 Venerabilis
1271 1934 1404 1976 Bedae
1426 1936 1602 1991 presby-

73 1992 153 2033 teri
174 2000 218 2032 et
242 1991 444 2032 Doctoris
465 1992 575 2033 ferre
593 1992 796 2042 decrevit,
820 2007 876 2033 ex
893 1992 1036 2034 studio
1056 1993 1268 2035 artificum
1291 2000 1409 2035 tanta
1422 1993 1602 2049 diligen-

74 2049 134 2090 tia
154 2049 452 2104 compositum,
485 2058 532 2091 ut
552 2049 656 2106 quid
686 2050 819 2104 magis
856 2050 899 2091 111
921 2065 973 2092 eo
1004 2059 1193 2105 praestet,
1218 2066 1322 2105 opus
1363 2066 1416 2093 an
1457 2051 1602 2115 decor,

76 2107 440 2160 [attrectantibus]
492 2107 646 2149 merito
697 2107 840 2150 veniat
884 2109 927 2148 in
968 2108 1160 2150 dubium.
1243 2109 1292 2149 In
1343 2108 1606 2150 ornamentis

77 2179 192 2214 1··610,
216 2179 260 2205 61
263 2179 340 2206 uce
370 2164 530 2206 scilicet
552 2173 595 2206 et
626 2165 769 2216 calice,
793 2165 951 2220 paliter
972 2181 1028 2207 ex
1058 2182 1175 2216 auro,
1196 2174 1239 2207 et
1261 2167 1365 2218 aliis,
1387 2182 1484 2223 quae
1505 2166 1607 2208 alibi

78 2222 236 2277 scripta
255 2222 480 2272 habentur,
504 2222 659 2264 famam
682 2223 831 2265 melius
854 2238 958 2265 ex01
962 2233 1102 2273 navit
1135 2224 1239 2265 illud
1261 2239 1427 2279 semper
1449 2225 1490 2265 in
1512 2239 1607 2265 cor-

77 2280 133 2321 de
154 2279 392 2333 recogitans
415 2280 675 2330 Daviticum,
709 2282 898 2330 Domine,
926 2284 1054 2323 dilexi
1072 2285 1191 2323 deco}
1192 2297 1252 2323 em
1273 2285 1414 2323 domus
1433 2289 1526 2331 tuce,
1550 2286 1610 2333 [et

78 2339 208 2378 locum
227 2338 498 2378 habitacionis
515 2340 659 2390 ylorioe
678 2343 768 2379 luoe.
773 2337 791 2393 ]
861 2338 1025 2380 Praetei
1027 2354 1077 2380 ea
1102 2339 1326 2393 Hospitale
1347 2340 1401 2380 de
1426 2339 1608 2394 Schyre-

79 2394 217 2435 burne
240 2393 492 2443 construxit,
517 2403 560 2435 et
582 2395 852 2436 elefantiosos
882 2395 923 2435 in
953 2395 1200 2450 episcopatu
1234 2411 1311 2437 suo
1345 2396 1610 2452 circumqua-

82 2466 165 2507 que
197 2450 414 2499 collectos,
446 2450 605 2492 ibidem
638 2451 834 2501 instituit,
872 2453 1064 2507 aptisque
1087 2467 1232 2494 eorum
1268 2453 1410 2494 usibus
1446 2454 1610 2495 habita-

84 2508 187 2549 culis
223 2507 465 2562 ampliant,
517 2517 560 2549 et
592 2523 646 2550 ne
687 2508 789 2564 quid
825 2509 1099 2550 sollicitudini
1137 2511 1323 2551 caritatis
1349 2511 1531 2561 deesset,
1555 2512 1611 2553 ad

85 2580 232 2607 eorum
269 2574 518 2619 peipetuam
559 2566 906 2607 sustentationem
960 2573 1022 2621 [et
1062 2568 1363 2609 nonnullorum
1405 2571 1612 2625 suscepti-

87 2627 230 2674 onem]
256 2633 386 2663 teiras
408 2631 451 2663 et
473 2622 670 2664 ecclesias
692 2624 899 2665 concessit
919 2633 961 2665 et
983 2624 1261 2669 confirmavit.
1297 2626 1370 2678 [In
1393 2626 1613 2683 geminum

88 2681 275 2721 creditm
297 2695 386 2721 esse
406 2680 578 2730 bonum,
613 2681 728 2744 quod
746 2690 787 2722 et
809 2695 1039 2736 paupelum
1062 2683 1378 2725 necessitatibus
1401 2685 1613 2727 liberrime

90 2739 324 2794 prospexit,
335 2746 376 2781 et
392 2739 636 2781 societatem
654 2737 974 2783 immundorum
988 2754 1010 2782 a
1026 2739 1613 2787 cohabitacionemundorum
