1807 2962
195 83 345 133 &lxiv
515 99 648 134 HIST.
676 102 913 135 DUNELM‚
941 101 1243 134 SCRIPTORES
1269 102 1406 134 TRES.

319 418 496 450 CCXXIV.
531 419 686 448 BULLA
719 418 917 447 EUGENII
950 406 1053 447 nuti
1081 419 1139 446 DE
1162 418 1315 446 PLENA
1338 418 1618 446 REMISSIONE

321 478 370 505 m
403 478 635 506 ARTmULo
668 478 839 506 MORTIS
871 478 961 505 PRO
979 477 1189 505 OMNIBUS
1212 476 1466 514 PROFESSIS,
1492 476 1619 504 ANNO

321 536 492 564 DoM1N1
517 529 600 564 ΜΠ10
611 529 855 565 cccchm0.

786 630 896 673 [Cart.
912 631 987 664 ΙΙΙ.
1004 630 1028 663 f.
1046 632 1135 675 196]

262 727 482 781 Eugenius
525 724 777 780 EpiscopUS‚
821 739 963 765 servus
1014 738 1232 765 servorum
1276 724 1376 775 Dei,
1429 724 1592 766 dilectis
1642 724 1741 765 filiis

211 783 350 828 Priori
400 792 444 825 et
487 782 686 824 universis
728 782 945 823 monachis
985 782 1176 823 ecclesi-ae
1234 781 1530 824 Dunelmensis
1581 782 1742 823 ordinis

205 843 339 885 sancti
358 840 582 883 Benedicti
599 840 962 895 impresentiarum
985 839 1279 889 existentibus,
1303 841 1481 881 salutem
1507 849 1549 882 et
1570 850 1742 894 aposto-

205 902 333 943 licam
369 898 731 942 benediccionem.
797 898 1001 938 Provenit
1023 913 1077 938 ex
1112 906 1262 938 vestrae
1295 898 1538 939 devocionis
1570 897 1741 947 affectu,

207 975 294 1015 quo
315 972 390 999 nos
412 965 454 998 et
480 957 716 997 Romanam
733 955 953 996 ecclesiam
967 954 1233 1005 reveremini,
1251 964 1296 996 nt
1309 955 1545 1010 peticiones
1567 963 1744 1004 vestras,

206 1018 298 1059 illas
320 1014 555 1071 presertim,
580 1029 676 1070 quae
698 1013 933 1054 animarum
966 1023 1202 1053 vestrarum
1225 1013 1404 1054 salutem
1426 1012 1667 1068 respiciunt,
1689 1013 1745 1053 ad

207 1072 499 1117 exaudicionis
530 1071 709 1128 gratiam
745 1070 1036 1111 admittamus,
1100 1070 1214 1111 Hinc
1251 1080 1315 1112 est
1346 1072 1460 1127 quod
1482 1086 1571 1121 nos,
1596 1070 1747 1112 vestris

208 1129 593 1187 supplicacionibus
629 1128 830 1178 inclinati,
855 1137 902 1169 ut
925 1128 1153 1177 confessor,
1185 1143 1312 1185 quem
1344 1129 1523 1184 quilibet
1556 1137 1744 1170 vestrum

208 1189 380 1232 duxerit
417 1187 674 1241 eligendum,
700 1186 891 1226 omnium
926 1194 1201 1241 peccatorum
1238 1195 1489 1237 vestrorum,
1513 1187 1565 1228 de
1591 1186 1750 1242 quibus

208 1248 338 1290 corde
372 1245 544 1287 contriti
578 1253 621 1285 et
656 1258 729 1284 ore
761 1244 940 1285 confessi
972 1243 1147 1294 fueritis,
1172 1244 1301 1285 semel
1333 1253 1499 1286 tantum
1530 1245 1575 1285 in
1599 1243 1744 1285 mortis

207 1305 384 1348 articulo
417 1304 589 1359 plenam
624 1301 911 1343 remissionem
934 1303 1052 1343 vobis
1086 1301 1127 1341 in
1162 1302 1403 1344 sinceritate
1435 1303 1549 1352 fidei,
1580 1302 1744 1343 unitate

209 1372 369 1405 sanctae
411 1362 620 1402 Romanae
654 1360 858 1410 ecclesiae,
898 1374 945 1400 ac
980 1359 1223 1401 obedientia
1254 1369 1295 1401 et
1327 1360 1561 1401 devocione
1582 1368 1742 1409 nostra,

208 1422 278 1463 vel
310 1433 617 1473 successorum?
637 1425 894 1467 nostrorum,
924 1417 1214 1459 Romanorum
1236 1418 1506 1472 pontificum,
1540 1418 1745 1459 canoni-ce

210 1480 473 1526 intrantium,
497 1475 837 1531 persistentibus,
862 1475 1115 1517 auctoritate
1150 1476 1381 1530 apostolica
1415 1476 1651 1517 concedere
1674 1490 1747 1516 va·
1783 1509 1794 1515 ,

208 1539 310 1587 leat,
353 1534 577 1577 devocioni
619 1542 771 1574 vestrae
813 1541 959 1574 tenore
1000 1534 1273 1587 praesentium
1317 1533 1598 1588 indulgemus.
1675 1533 1745 1573 Sic

210 1606 355 1637 ⁴tamen
377 1593 493 1649 quod
524 1592 638 1633 idem
662 1590 876 1632 confessor
897 1591 950 1632 de
971 1591 1061 1640 hiis,
1087 1591 1140 1632 de
1163 1592 1315 1647 quibus
1336 1592 1464 1633 fuerit
1486 1591 1606 1632 alteri
1629 1591 1749 1632 satis-

211 1653 348 1695 faccio
379 1649 679 1705 impendenda,
709 1664 802 1690 eam
825 1648 942 1690 vobis
965 1664 1040 1703 per
1062 1664 1149 1699 VOS,
1174 1650 1207 1689 si
1229 1648 1560 1704 supervixeritiS,
1584 1649 1650 1690 vel
1673 1663 1749 1703 per

210 1712 328 1759 alios,
346 1709 379 1751 si
401 1719 504 1750 tunc
521 1709 630 1749 forte
652 1707 914 1757 transieritis,
948 1706 1183 1747 faciendam
1207 1707 1411 1762 injungat,
1435 1722 1561 1763 quam
1585 1722 1657 1748 vos
1681 1706 1749 1747 vel

212 1770 273 1810 illi
308 1769 449 1809 facere
486 1765 733 1814 teneamini,
759 1774 804 1805 ut
835 1764 1089 1820 praefertur3
1123 1774 1166 1805 et
1198 1780 1264 1814 ne,
1291 1766 1406 1820 quod
1428 1765 1549 1814 absit,
1572 1772 1752 1819 propter

212 1825 458 1881 hujusmodi
479 1822 666 1877 graciam
688 1821 925 1863 reddamini
948 1822 1216 1876 procliviores
1236 1823 1288 1862 :ztl
1307 1822 1452 1864 illicita
1468 1822 1510 1862 in
1533 1832 1751 1876 posterum

215 1881 539 1930 committenda,
564 1880 756 1920 volumus
778 1879 908 1934 quod,
934 1879 965 1918 si
981 1894 1036 1919 ex
1051 1880 1308 1920 confidentia
1327 1879 1584 1921 remissionis
1607 1879 1754 1934 hujus-

214 1941 333 1984 modi
369 1939 509 1993 aliqua
539 1937 649 1977 forte
682 1936 1015 1985 committeretis,
1051 1937 1194 1991 quoad
1240 1937 1314 1977 illa
1334 1937 1541 1991 praedicta
1561 1937 1753 1978 remissio

217 1998 334 2041 vobis
356 1996 595 2037 nullatenus
618 1994 899 2049 suffragetur3
932 1994 1132 2048 quodque
1154 2009 1230 2048 per
1252 2009 1381 2034 unum
1404 2009 1573 2044 annum,
1598 2010 1622 2035 a
1643 2004 1752 2036 tem-

214 2071 318 2113 pore
354 2069 439 2109 quo
472 2066 656 2107 praesens
698 2061 841 2092 nostra
862 2052 1079 2091 concessio
1101 2051 1154 2091 ad
1178 2060 1358 2092 vestram
1383 2052 1580 2092 noticiam
1602 2067 1753 2107 perve-

215 2114 324 2156 nerit
346 2110 697 2164 computandum,
722 2108 897 2162 singulis
925 2108 1054 2149 sextis
1077 2108 1205 2158 feriis,
1230 2108 1536 2163 impedimento
1558 2109 1753 2166 legitimo

217 2178 418 2218 cessante,
435 2166 638 2222 jejunetis
658 2181 668 2214 3
702 2175 745 2207 et
780 2166 812 2206 si
848 2166 1061 2220 praedictis
1094 2165 1207 2206 feriis
1231 2181 1284 2206 ex
1306 2176 1523 2222 praecepto
1545 2167 1751 2216 ecclesiae,

218 2228 403 2285 regulari
421 2223 702 2274 observantia,
719 2223 910 2277 injuncta
931 2223 1200 2278 poenitencia,
1217 2232 1318 2264 voto
1341 2224 1404 2264 vel
1428 2225 1544 2274 alias,
1560 2225 1759 2280 jejunare

220 2283 464 2333 teneamini,
501 2297 582 2323 una
619 2281 699 2322 alia
720 2281 787 2322 die
810 2281 1069 2335 singularum
1091 2281 1420 2336 septimanarum
1443 2283 1631 2336 ejusdem
1654 2281 1755 2323 anni

220 2360 306 2401 quo
324 2340 687 2396 adjejunandnm,
712 2348 759 2379 ut
781 2338 1066 2394 praemittitur,
1099 2354 1183 2380 non
1218 2339 1305 2379 sitis
1328 2339 1502 2389 astricti,
1535 2339 1752 2395 jejunetis,

223 2403 267 2444 Si
289 2415 390 2442 vero
412 2399 454 2439 in
477 2398 593 2439 dicto
615 2412 728 2438 anno
752 2397 816 2437 vel
838 2397 978 2452 aliqua
1000 2398 1087 2452 ejus
1103 2405 1224 2451 parte
1241 2397 1385 2438 essetis
1412 2397 1597 2453 legitime
1619 2398 1754 2451 impe-

222 2459 313 2508 diti,
350 2472 464 2498 anno
500 2454 707 2511 sequenti,
752 2454 817 2495 vel
854 2454 968 2502 alias,
1007 2468 1134 2509 quam
1169 2453 1349 2507 primum
1381 2454 1589 2508 poteritis,
1623 2454 1754 2495 modo

224 2515 347 2557 simili
378 2513 591 2567 supplere,
653 2512 710 2552 Et
741 2511 774 2551 si
796 2511 936 2552 forsan
958 2511 1061 2552 alias
1084 2510 1348 2565 praelibatum
1365 2511 1574 2566 jejunium
1597 2512 1638 2551 in
1661 2519 1756 2552 toto

224 2574 291 2615 vel
324 2574 367 2612 in
404 2583 525 2625 parte
562 2569 794 2623 adimplere
836 2569 1015 2609 comode
1051 2567 1311 2623 neqiueritiS,
1336 2584 1386 2610 eo
1418 2583 1517 2609 casu
1539 2569 1755 2609 confessor

222 2629 452 2685 praedictus
483 2627 693 2682 jejunium
729 2627 864 2680 ipsum
889 2627 929 2666 in
951 2625 1034 2666 alia
1055 2626 1221 2679 pietatis
1244 2641 1374 2680 opera
1396 2636 1658 2667 commutare
1682 2640 1753 2666 va-

222 2690 323 2736 leat,
348 2694 473 2740 prout
507 2683 658 2725 animae
688 2692 840 2723 vestrae
872 2683 993 2724 saluti
1018 2683 1167 2723 viderit
1191 2684 1418 2736 expedire3
1452 2699 1548 2738 quae
1572 2697 1642 2724 vos
1665 2682 1755 2738 pari

221 2745 351 2788 modo
374 2741 604 2797 adimplere
628 2740 853 2783 teneamini
873 2757 883 2790 3
917 2740 1104 2797 alioquin
1134 2739 1376 2795 hujusmodi
1399 2754 1542 2782 nostra
1563 2755 1753 2797 praesens
