<?xml version="1.0" encoding="UTF-8"?>
<!DOCTYPE html PUBLIC "-//W3C//DTD XHTML 1.0 Transitional//EN"
    "http://www.w3.org/TR/xhtml1/DTD/xhtml1-transitional.dtd">
<html xmlns="http://www.w3.org/1999/xhtml" xml:lang="en" lang="en">
 <head>
  <title>
</title>
<meta http-equiv="Content-Type" content="text/html;charset=utf-8" />
  <meta name='ocr-system' content='tesseract 3.04.00' />
  <meta name='ocr-capabilities' content='ocr_page ocr_carea ocr_par ocr_line ocrx_word'/>
</head>
<body>
  <div class='ocr_page' id='page_1' title='image "./historiaedunelme00gauf_0080.png"; bbox 0 0 1807 2962; ppageno 0'>
   <div class='ocr_carea' id='block_1_1' title="bbox 189 71 1413 113">
    <p class='ocr_par' dir='ltr' id='par_1_1' title="bbox 189 71 1413 113">
     <span class='ocr_line' id='line_1_1' title="bbox 189 71 1413 113; baseline -0.005 0"><span class='ocrx_word' id='word_1_1' title='bbox 189 71 252 113; x_wconf 58' lang='lat'>26</span> <span class='ocrx_word' id='word_1_2' title='bbox 536 79 668 112; x_wconf 80' lang='lat' dir='ltr'>HIST.</span> <span class='ocrx_word' id='word_1_3' title='bbox 695 75 928 110; x_wconf 80' lang='lat' dir='ltr'><strong>DUNELM.</strong></span> <span class='ocrx_word' id='word_1_4' title='bbox 952 76 1254 109; x_wconf 71' lang='lat' dir='ltr'><strong>SCRIPTORES</strong></span> <span class='ocrx_word' id='word_1_5' title='bbox 1279 75 1413 110; x_wconf 63' lang='lat' dir='ltr'>TssEs.</span> 
     </span>
    </p>
   </div>
   <div class='ocr_carea' id='block_1_2' title="bbox 387 372 1502 462">
    <p class='ocr_par' dir='ltr' id='par_1_2' title="bbox 387 372 1502 462">
     <span class='ocr_line' id='line_1_2' title="bbox 387 372 1502 409; baseline -0.005 0"><span class='ocrx_word' id='word_1_6' title='bbox 387 380 483 409; x_wconf 70' lang='lat' dir='ltr'>cAl’.</span> <span class='ocrx_word' id='word_1_7' title='bbox 526 379 620 408; x_wconf 81' lang='lat' dir='ltr'>xlx.</span> <span class='ocrx_word' id='word_1_8' title='bbox 675 377 804 406; x_wconf 80' lang='lat' dir='ltr'><strong>OBIIT</strong></span> <span class='ocrx_word' id='word_1_9' title='bbox 846 372 1097 404; x_wconf 79' lang='lat' dir='ltr'>PHILIPPUS</span> <span class='ocrx_word' id='word_1_10' title='bbox 1140 373 1502 404; x_wconf 80' lang='lat' dir='ltr'>DUNHELMENSIS</span> 
     </span>
     <span class='ocr_line' id='line_1_3' title="bbox 813 431 1073 462; baseline -0.004 0"><span class='ocrx_word' id='word_1_11' title='bbox 813 431 1073 462; x_wconf 77' lang='lat' dir='ltr'><strong>EPISCOPUS.</strong></span> 
     </span>
    </p>
   </div>
   <div class='ocr_carea' id='block_1_3' title="bbox 698 505 1195 550">
    <p class='ocr_par' dir='ltr' id='par_1_3' title="bbox 698 505 1195 550">
     <span class='ocr_line' id='line_1_4' title="bbox 698 505 1195 550; baseline -0.008 -10"><span class='ocrx_word' id='word_1_12' title='bbox 698 506 789 549; x_wconf 88' lang='lat' dir='ltr'>[MS.</span> <span class='ocrx_word' id='word_1_13' title='bbox 811 508 891 550; x_wconf 80' lang='lat' dir='ltr'>Cap.</span> <span class='ocrx_word' id='word_1_14' title='bbox 906 516 1034 546; x_wconf 73' lang='lat' dir='ltr'>cxxvi,</span> <span class='ocrx_word' id='word_1_15' title='bbox 1056 506 1127 542; x_wconf 82' lang='grc'><strong>176.</strong></span> <span class='ocrx_word' id='word_1_16' title='bbox 1146 505 1195 546; x_wconf 83' lang='grc'><strong>1).]</strong></span> 
     </span>
    </p>
   </div>
   <div class='ocr_carea' id='block_1_4' title="bbox 155 582 1709 2722">
    <p class='ocr_par' dir='ltr' id='par_1_4' title="bbox 155 582 1709 2722">
     <span class='ocr_line' id='line_1_5' title="bbox 243 582 1709 639; baseline -0.006 -6"><span class='ocrx_word' id='word_1_17' title='bbox 243 592 362 633; x_wconf 80' lang='lat' dir='ltr'>Inter</span> <span class='ocrx_word' id='word_1_18' title='bbox 396 591 489 632; x_wconf 84' lang='lat' dir='ltr'>haec</span> <span class='ocrx_word' id='word_1_19' title='bbox 522 588 633 630; x_wconf 84' lang='lat' dir='ltr'>mala</span> <span class='ocrx_word' id='word_1_20' title='bbox 663 596 853 628; x_wconf 88' lang='lat' dir='ltr'>mortuus</span> <span class='ocrx_word' id='word_1_21' title='bbox 885 594 949 627; x_wconf 89' lang='lat' dir='ltr'>est</span> <span class='ocrx_word' id='word_1_22' title='bbox 983 584 1202 639; x_wconf 76' lang='lat' dir='ltr'>Philippus</span> <span class='ocrx_word' id='word_1_23' title='bbox 1236 582 1578 624; x_wconf 78' lang='lat' dir='ltr'>Dunhelmeusis</span> <span class='ocrx_word' id='word_1_24' title='bbox 1601 583 1709 638; x_wconf 83' lang='lat' dir='ltr'>epis-</span> 
     </span>
     <span class='ocr_line' id='line_1_6' title="bbox 179 640 1705 706; baseline -0.008 -14"><span class='ocrx_word' id='word_1_25' title='bbox 179 665 325 706; x_wconf 76' lang='lat' dir='ltr'>copus,</span> <span class='ocrx_word' id='word_1_26' title='bbox 361 648 528 690; x_wconf 90' lang='lat' dir='ltr'>decimo</span> <span class='ocrx_word' id='word_1_27' title='bbox 560 646 762 687; x_wconf 80' lang='lat' dir='ltr'>kalendas</span> <span class='ocrx_word' id='word_1_28' title='bbox 790 643 910 693; x_wconf 88' lang='lat' dir='ltr'>Maii,</span> <span class='ocrx_word' id='word_1_29' title='bbox 934 658 1047 684; x_wconf 89' lang='lat' dir='ltr'>anno</span> <span class='ocrx_word' id='word_1_30' title='bbox 1070 641 1345 697; x_wconf 84' lang='lat' dir='ltr'>pontificatus</span> <span class='ocrx_word' id='word_1_31' title='bbox 1366 641 1427 681; x_wconf 92' lang='lat' dir='ltr'>sui</span> <span class='ocrx_word' id='word_1_32' title='bbox 1453 640 1705 691; x_wconf 78' lang='lat' dir='ltr'>undecinm3</span> 
     </span>
     <span class='ocr_line' id='line_1_7' title="bbox 180 698 1706 761; baseline -0.006 -11"><span class='ocrx_word' id='word_1_33' title='bbox 180 717 223 750; x_wconf 90' lang='lat' dir='ltr'>et</span> <span class='ocrx_word' id='word_1_34' title='bbox 254 717 376 750; x_wconf 87' lang='lat' dir='ltr'>extra</span> <span class='ocrx_word' id='word_1_35' title='bbox 404 715 525 761; x_wconf 83' lang='lat' dir='ltr'>septa</span> <span class='ocrx_word' id='word_1_36' title='bbox 555 703 744 746; x_wconf 81' lang='lat' dir='ltr'>ecclesiae</span> <span class='ocrx_word' id='word_1_37' title='bbox 768 703 809 742; x_wconf 88' lang='lat' dir='ltr'>in</span> <span class='ocrx_word' id='word_1_38' title='bbox 831 702 927 742; x_wconf 92' lang='lat' dir='ltr'>loco</span> <span class='ocrx_word' id='word_1_39' title='bbox 950 716 1035 741; x_wconf 91' lang='lat' dir='ltr'>non</span> <span class='ocrx_word' id='word_1_40' title='bbox 1059 709 1305 741; x_wconf 87' lang='lat' dir='ltr'>consecrato</span> <span class='ocrx_word' id='word_1_41' title='bbox 1327 715 1352 740; x_wconf 87' lang='lat' dir='ltr'>a</span> <span class='ocrx_word' id='word_1_42' title='bbox 1379 698 1494 740; x_wconf 85' lang='lat' dir='ltr'>laicis</span> <span class='ocrx_word' id='word_1_43' title='bbox 1515 699 1706 754; x_wconf 88' lang='lat' dir='ltr'>sepultus</span> 
     </span>
     <span class='ocr_line' id='line_1_8' title="bbox 179 757 1705 818; baseline -0.006 -10"><span class='ocrx_word' id='word_1_44' title='bbox 179 765 282 807; x_wconf 61' lang='lat' dir='ltr'>est*</span> <span class='ocrx_word' id='word_1_45' title='bbox 348 764 561 806; x_wconf 84' lang='lat' dir='ltr'>Dicebant</span> <span class='ocrx_word' id='word_1_46' title='bbox 582 761 754 818; x_wconf 88' lang='lat' dir='ltr'>quidam</span> <span class='ocrx_word' id='word_1_47' title='bbox 778 759 857 801; x_wconf 90' lang='lat' dir='ltr'>hoc</span> <span class='ocrx_word' id='word_1_48' title='bbox 880 759 921 799; x_wconf 92' lang='lat' dir='ltr'>in</span> <span class='ocrx_word' id='word_1_49' title='bbox 946 758 1254 814; x_wconf 83' lang='lat' dir='ltr'>praeteri-torum</span> <span class='ocrx_word' id='word_1_50' title='bbox 1278 772 1447 812; x_wconf 88' lang='lat' dir='ltr'>poenam</span> <span class='ocrx_word' id='word_1_51' title='bbox 1477 757 1705 806; x_wconf 71' lang='lat' dir='ltr'>accidisse3</span> 
     </span>
     <span class='ocr_line' id='line_1_9' title="bbox 160 814 1704 880; baseline -0.006 -14"><span class='ocrx_word' id='word_1_52' title='bbox 160 823 225 865; x_wconf 55' lang='lat' dir='ltr'>&#39;ut</span> <span class='ocrx_word' id='word_1_53' title='bbox 262 823 334 880; x_wconf 92' lang='lat' dir='ltr'>qui</span> <span class='ocrx_word' id='word_1_54' title='bbox 370 819 729 876; x_wconf 82' lang='lat' dir='ltr'>sollempnitatem</span> <span class='ocrx_word' id='word_1_55' title='bbox 767 816 955 859; x_wconf 80' lang='lat' dir='ltr'>ecelesiae</span> <span class='ocrx_word' id='word_1_56' title='bbox 992 817 1092 857; x_wconf 87' lang='lat' dir='ltr'>olim</span> <span class='ocrx_word' id='word_1_57' title='bbox 1131 814 1391 865; x_wconf 84' lang='lat' dir='ltr'>turbaverat,</span> <span class='ocrx_word' id='word_1_58' title='bbox 1428 815 1704 871; x_wconf 72' lang='lat' dir='ltr'>exequiarum</span> 
     </span>
     <span class='ocr_line' id='line_1_10' title="bbox 177 873 1704 937; baseline -0.006 -14"><span class='ocrx_word' id='word_1_59' title='bbox 177 880 424 937; x_wconf 82' lang='lat' dir='ltr'>sollempnia</span> <span class='ocrx_word' id='word_1_60' title='bbox 445 882 687 926; x_wconf 86' lang='lat' dir='ltr'>amitteret3</span> <span class='ocrx_word' id='word_1_61' title='bbox 720 885 762 917; x_wconf 88' lang='lat' dir='ltr'>et</span> <span class='ocrx_word' id='word_1_62' title='bbox 782 875 853 932; x_wconf 85' lang='lat' dir='ltr'>qui</span> <span class='ocrx_word' id='word_1_63' title='bbox 875 875 1028 929; x_wconf 75' lang='lat' dir='ltr'>cybum</span> <span class='ocrx_word' id='word_1_64' title='bbox 1054 873 1223 915; x_wconf 82' lang='lat' dir='ltr'>inclusis</span> <span class='ocrx_word' id='word_1_65' title='bbox 1242 873 1338 913; x_wconf 88' lang='lat' dir='ltr'>ferri</span> <span class='ocrx_word' id='word_1_66' title='bbox 1365 882 1592 922; x_wconf 79' lang='lat' dir='ltr'>vetaverat,</span> <span class='ocrx_word' id='word_1_67' title='bbox 1616 873 1704 914; x_wconf 89' lang='lat' dir='ltr'>sine</span> 
     </span>
     <span class='ocr_line' id='line_1_11' title="bbox 177 930 1704 991; baseline -0.007 -9"><span class='ocrx_word' id='word_1_68' title='bbox 177 940 330 982; x_wconf 87' lang='lat' dir='ltr'>viatico</span> <span class='ocrx_word' id='word_1_69' title='bbox 365 937 631 985; x_wconf 82' lang='lat' dir='ltr'>discederet3</span> <span class='ocrx_word' id='word_1_70' title='bbox 667 943 730 991; x_wconf 90' lang='lat' dir='ltr'>[et</span> <span class='ocrx_word' id='word_1_71' title='bbox 765 933 838 990; x_wconf 91' lang='lat' dir='ltr'>qui</span> <span class='ocrx_word' id='word_1_72' title='bbox 872 932 1053 973; x_wconf 77' lang='lat' dir='ltr'>filiorum</span> <span class='ocrx_word' id='word_1_73' title='bbox 1080 946 1226 986; x_wconf 83' lang='lat' dir='ltr'>pacem</span> <span class='ocrx_word' id='word_1_74' title='bbox 1249 946 1335 971; x_wconf 90' lang='lat' dir='ltr'>non</span> <span class='ocrx_word' id='word_1_75' title='bbox 1358 931 1540 980; x_wconf 77' lang='lat' dir='ltr'>amabat,</span> <span class='ocrx_word' id='word_1_76' title='bbox 1565 930 1605 970; x_wconf 91' lang='lat' dir='ltr'>in</span> <span class='ocrx_word' id='word_1_77' title='bbox 1629 946 1704 972; x_wconf 79' lang='lat' dir='ltr'>ex-</span> 
     </span>
     <span class='ocr_line' id='line_1_12' title="bbox 177 986 1703 1044; baseline -0.007 -4"><span class='ocrx_word' id='word_1_78' title='bbox 177 999 321 1041; x_wconf 82' lang='lat' dir='ltr'>tremis</span> <span class='ocrx_word' id='word_1_79' title='bbox 362 996 544 1038; x_wconf 84' lang='lat' dir='ltr'>filiorum</span> <span class='ocrx_word' id='word_1_80' title='bbox 587 992 730 1034; x_wconf 87' lang='lat' dir='ltr'>oscula</span> <span class='ocrx_word' id='word_1_81' title='bbox 770 1006 853 1032; x_wconf 90' lang='lat' dir='ltr'>non</span> <span class='ocrx_word' id='word_1_82' title='bbox 895 990 1137 1044; x_wconf 82' lang='lat' dir='ltr'>exciperet;</span> <span class='ocrx_word' id='word_1_83' title='bbox 1175 998 1219 1030; x_wconf 91' lang='lat' dir='ltr'>et</span> <span class='ocrx_word' id='word_1_84' title='bbox 1254 989 1325 1044; x_wconf 87' lang='lat' dir='ltr'>qui</span> <span class='ocrx_word' id='word_1_85' title='bbox 1362 990 1504 1029; x_wconf 87' lang='lat' dir='ltr'>omnia</span> <span class='ocrx_word' id='word_1_86' title='bbox 1545 986 1703 1029; x_wconf 82' lang='lat' dir='ltr'>hahere</span> 
     </span>
     <span class='ocr_line' id='line_1_13' title="bbox 176 1046 1703 1112; baseline -0.007 -14"><span class='ocrx_word' id='word_1_87' title='bbox 176 1056 387 1112; x_wconf 88' lang='lat' dir='ltr'>cupiebat,</span> <span class='ocrx_word' id='word_1_88' title='bbox 405 1055 494 1109; x_wconf 87' lang='lat' dir='ltr'>jam</span> <span class='ocrx_word' id='word_1_89' title='bbox 516 1051 642 1093; x_wconf 84' lang='lat' dir='ltr'>nichil</span> <span class='ocrx_word' id='word_1_90' title='bbox 677 1059 797 1099; x_wconf 86' lang='lat' dir='ltr'>esset,</span> <span class='ocrx_word' id='word_1_91' title='bbox 824 1057 865 1090; x_wconf 89' lang='lat' dir='ltr'>et</span> <span class='ocrx_word' id='word_1_92' title='bbox 893 1048 1018 1089; x_wconf 89' lang='lat' dir='ltr'>nichil</span> <span class='ocrx_word' id='word_1_93' title='bbox 1052 1047 1321 1101; x_wconf 65' lang='lat' dir='ltr'>possideret]</span> <span class='ocrx_word' id='word_1_94' title='bbox 1383 1046 1568 1087; x_wconf 88' lang='lat' dir='ltr'>Evoluto</span> <span class='ocrx_word' id='word_1_95' title='bbox 1590 1062 1703 1088; x_wconf 88' lang='lat' dir='ltr'>anno</span> 
     </span>
     <span class='ocr_line' id='line_1_14' title="bbox 177 1103 1703 1169; baseline -0.008 -13"><span class='ocrx_word' id='word_1_96' title='bbox 177 1124 221 1156; x_wconf 78' lang='lat' dir='ltr'>et</span> <span class='ocrx_word' id='word_1_97' title='bbox 257 1113 399 1169; x_wconf 83' lang='lat' dir='ltr'>paucis</span> <span class='ocrx_word' id='word_1_98' title='bbox 436 1111 598 1156; x_wconf 84' lang='lat' dir='ltr'>diebus,</span> <span class='ocrx_word' id='word_1_99' title='bbox 637 1108 811 1150; x_wconf 84' lang='lat' dir='ltr'>directae</span> <span class='ocrx_word' id='word_1_100' title='bbox 843 1115 940 1147; x_wconf 85' lang='lat' dir='ltr'>sunt</span> <span class='ocrx_word' id='word_1_101' title='bbox 975 1105 1110 1147; x_wconf 82' lang='lat' dir='ltr'>literae</span> <span class='ocrx_word' id='word_1_102' title='bbox 1144 1103 1304 1146; x_wconf 79' lang='lat' dir='ltr'>domini</span> <span class='ocrx_word' id='word_1_103' title='bbox 1345 1104 1474 1159; x_wconf 84' lang='lat' dir='ltr'>Papae</span> <span class='ocrx_word' id='word_1_104' title='bbox 1501 1104 1637 1145; x_wconf 84' lang='lat' dir='ltr'>Priori</span> <span class='ocrx_word' id='word_1_105' title='bbox 1660 1116 1703 1147; x_wconf 86' lang='lat' dir='ltr'>et</span> 
     </span>
     <span class='ocr_line' id='line_1_15' title="bbox 175 1162 1699 1220; baseline -0.007 -6"><span class='ocrx_word' id='word_1_106' title='bbox 175 1171 390 1214; x_wconf 84' lang='lat' dir='ltr'>monachis</span> <span class='ocrx_word' id='word_1_107' title='bbox 426 1168 714 1215; x_wconf 82' lang='lat' dir='ltr'>Dunhelmiae,</span> <span class='ocrx_word' id='word_1_108' title='bbox 754 1174 799 1206; x_wconf 90' lang='lat' dir='ltr'>ut</span> <span class='ocrx_word' id='word_1_109' title='bbox 832 1164 911 1205; x_wconf 89' lang='lat' dir='ltr'>sibi</span> <span class='ocrx_word' id='word_1_110' title='bbox 943 1163 1151 1220; x_wconf 82' lang='lat' dir='ltr'>eligerent</span> <span class='ocrx_word' id='word_1_111' title='bbox 1186 1162 1442 1212; x_wconf 87' lang='lat' dir='ltr'>Antistitem,</span> <span class='ocrx_word' id='word_1_112' title='bbox 1467 1162 1699 1204; x_wconf 84' lang='lat' dir='ltr'>secundum</span> 
     </span>
     <span class='ocr_line' id='line_1_16' title="bbox 176 1219 1701 1273; baseline -0.007 -1"><span class='ocrx_word' id='word_1_113' title='bbox 176 1231 369 1273; x_wconf 89' lang='lat' dir='ltr'>timorem</span> <span class='ocrx_word' id='word_1_114' title='bbox 413 1227 495 1268; x_wconf 90' lang='lat' dir='ltr'>Dei</span> <span class='ocrx_word' id='word_1_115' title='bbox 537 1235 579 1267; x_wconf 90' lang='lat' dir='ltr'>et</span> <span class='ocrx_word' id='word_1_116' title='bbox 610 1224 798 1265; x_wconf 76' lang='lat' dir='ltr'>ecclesiae</span> <span class='ocrx_word' id='word_1_117' title='bbox 832 1222 1085 1263; x_wconf 80' lang='lat' dir='ltr'>libertatem.</span> <span class='ocrx_word' id='word_1_118' title='bbox 1163 1220 1409 1261; x_wconf 81' lang='lat' dir='ltr'>Periculosa</span> <span class='ocrx_word' id='word_1_119' title='bbox 1446 1219 1567 1261; x_wconf 87' lang='lat' dir='ltr'>nimis</span> <span class='ocrx_word' id='word_1_120' title='bbox 1605 1230 1701 1262; x_wconf 89' lang='lat' dir='ltr'>erat</span> 
     </span>
     <span class='ocr_line' id='line_1_17' title="bbox 174 1277 1698 1343; baseline -0.007 -14"><span class='ocrx_word' id='word_1_121' title='bbox 174 1286 401 1343; x_wconf 78' lang='lat' dir='ltr'>suggestio,</span> <span class='ocrx_word' id='word_1_122' title='bbox 485 1283 713 1340; x_wconf 86' lang='lat' dir='ltr'>[Undique</span> <span class='ocrx_word' id='word_1_123' title='bbox 746 1280 859 1321; x_wconf 91' lang='lat' dir='ltr'>enim</span> <span class='ocrx_word' id='word_1_124' title='bbox 890 1279 1140 1334; x_wconf 82' lang='lat' dir='ltr'>premebant</span> <span class='ocrx_word' id='word_1_125' title='bbox 1180 1277 1420 1332; x_wconf 63' lang='lat' dir='ltr'>angustiae]</span> <span class='ocrx_word' id='word_1_126' title='bbox 1501 1277 1545 1318; x_wconf 84' lang='lat' dir='ltr'>Si</span> <span class='ocrx_word' id='word_1_127' title='bbox 1587 1278 1698 1319; x_wconf 89' lang='lat' dir='ltr'>enim</span> 
     </span>
     <span class='ocr_line' id='line_1_18' title="bbox 173 1339 1699 1402; baseline -0.008 -14"><span class='ocrx_word' id='word_1_128' title='bbox 173 1355 329 1402; x_wconf 83' lang='lat' dir='ltr'>praeter</span> <span class='ocrx_word' id='word_1_129' title='bbox 351 1341 650 1385; x_wconf 83' lang='lat' dir='ltr'>conscientiam</span> <span class='ocrx_word' id='word_1_130' title='bbox 676 1339 807 1396; x_wconf 74' lang='lat' dir='ltr'>Regis</span> <span class='ocrx_word' id='word_1_131' title='bbox 829 1347 1036 1392; x_wconf 80' lang='lat' dir='ltr'>ageretur,</span> <span class='ocrx_word' id='word_1_132' title='bbox 1061 1346 1146 1378; x_wconf 86' lang='lat' dir='ltr'>tam</span> <span class='ocrx_word' id='word_1_133' title='bbox 1171 1351 1395 1391; x_wconf 87' lang='lat' dir='ltr'>corporum</span> <span class='ocrx_word' id='word_1_134' title='bbox 1415 1351 1540 1391; x_wconf 85' lang='lat' dir='ltr'>quam</span> <span class='ocrx_word' id='word_1_135' title='bbox 1561 1351 1699 1377; x_wconf 84' lang='lat' dir='ltr'>rerum</span> 
     </span>
     <span class='ocr_line' id='line_1_19' title="bbox 172 1394 1700 1448; baseline -0.007 -3"><span class='ocrx_word' id='word_1_136' title='bbox 172 1419 341 1446; x_wconf 85' lang='lat' dir='ltr'>suarum</span> <span class='ocrx_word' id='word_1_137' title='bbox 377 1402 601 1442; x_wconf 84' lang='lat' dir='ltr'>discrimen</span> <span class='ocrx_word' id='word_1_138' title='bbox 638 1398 914 1439; x_wconf 76' lang='lat' dir='ltr'>incurrerent.</span> <span class='ocrx_word' id='word_1_139' title='bbox 981 1395 1025 1436; x_wconf 83' lang='lat' dir='ltr'>Si</span> <span class='ocrx_word' id='word_1_140' title='bbox 1056 1409 1156 1435; x_wconf 87' lang='lat' dir='ltr'>vero</span> <span class='ocrx_word' id='word_1_141' title='bbox 1189 1404 1448 1448; x_wconf 77' lang='lat' dir='ltr'>praeceptum</span> <span class='ocrx_word' id='word_1_142' title='bbox 1483 1394 1700 1448; x_wconf 81' lang='lat' dir='ltr'>Apostoli-</span> 
     </span>
     <span class='ocr_line' id='line_1_20' title="bbox 171 1452 1697 1512; baseline -0.007 -9"><span class='ocrx_word' id='word_1_143' title='bbox 171 1477 265 1504; x_wconf 87' lang='lat' dir='ltr'>cum</span> <span class='ocrx_word' id='word_1_144' title='bbox 300 1476 388 1502; x_wconf 86' lang='lat' dir='ltr'>non</span> <span class='ocrx_word' id='word_1_145' title='bbox 426 1458 660 1512; x_wconf 84' lang='lat' dir='ltr'>implerent,</span> <span class='ocrx_word' id='word_1_146' title='bbox 699 1454 900 1509; x_wconf 84' lang='lat' dir='ltr'>gravioris</span> <span class='ocrx_word' id='word_1_147' title='bbox 925 1452 1121 1493; x_wconf 78' lang='lat' dir='ltr'>vindictae</span> <span class='ocrx_word' id='word_1_148' title='bbox 1145 1467 1313 1492; x_wconf 90' lang='lat' dir='ltr'>manum</span> <span class='ocrx_word' id='word_1_149' title='bbox 1339 1467 1422 1492; x_wconf 90' lang='lat' dir='ltr'>non</span> <span class='ocrx_word' id='word_1_150' title='bbox 1446 1452 1697 1506; x_wconf 80' lang='lat' dir='ltr'>effugerent.</span> 
     </span>
     <span class='ocr_line' id='line_1_21' title="bbox 172 1509 1693 1574; baseline -0.007 -12"><span class='ocrx_word' id='word_1_151' title='bbox 172 1519 448 1574; x_wconf 84' lang='lat' dir='ltr'>Fatigabatur</span> <span class='ocrx_word' id='word_1_152' title='bbox 481 1516 642 1556; x_wconf 86' lang='lat' dir='ltr'>interea</span> <span class='ocrx_word' id='word_1_153' title='bbox 677 1512 821 1554; x_wconf 86' lang='lat' dir='ltr'>multis</span> <span class='ocrx_word' id='word_1_154' title='bbox 854 1510 1199 1566; x_wconf 66' lang='lat' dir='ltr'>oppressionibus</span> <span class='ocrx_word' id='word_1_155' title='bbox 1227 1509 1416 1550; x_wconf 84' lang='lat' dir='ltr'>Ecclesia</span> <span class='ocrx_word' id='word_1_156' title='bbox 1438 1510 1693 1563; x_wconf 78' lang='lat' dir='ltr'>Anghcana,</span> 
     </span>
     <span class='ocr_line' id='line_1_22' title="bbox 170 1567 1697 1631; baseline -0.008 -12"><span class='ocrx_word' id='word_1_157' title='bbox 170 1594 251 1619; x_wconf 89' lang='lat' dir='ltr'>nec</span> <span class='ocrx_word' id='word_1_158' title='bbox 287 1585 378 1617; x_wconf 88' lang='lat' dir='ltr'>erat</span> <span class='ocrx_word' id='word_1_159' title='bbox 406 1575 477 1631; x_wconf 93' lang='lat' dir='ltr'>qui</span> <span class='ocrx_word' id='word_1_160' title='bbox 506 1572 749 1615; x_wconf 86' lang='lat' dir='ltr'>consoletur</span> <span class='ocrx_word' id='word_1_161' title='bbox 770 1585 862 1611; x_wconf 89' lang='lat' dir='ltr'>eam</span> <span class='ocrx_word' id='word_1_162' title='bbox 888 1574 962 1622; x_wconf 82' lang='lat' dir='ltr'>[ex</span> <span class='ocrx_word' id='word_1_163' title='bbox 984 1568 1177 1609; x_wconf 86' lang='lat' dir='ltr'>omnibus</span> <span class='ocrx_word' id='word_1_164' title='bbox 1200 1568 1304 1609; x_wconf 88' lang='lat' dir='ltr'>caris</span> <span class='ocrx_word' id='word_1_165' title='bbox 1327 1567 1428 1622; x_wconf 88' lang='lat' dir='ltr'>ejus.</span> <span class='ocrx_word' id='word_1_166' title='bbox 1492 1568 1590 1608; x_wconf 84' lang='lat' dir='ltr'>Non</span> <span class='ocrx_word' id='word_1_167' title='bbox 1615 1570 1697 1609; x_wconf 87' lang='lat' dir='ltr'>Ar-</span> 
     </span>
     <span class='ocr_line' id='line_1_23' title="bbox 168 1625 1693 1690; baseline -0.007 -13"><span class='ocrx_word' id='word_1_168' title='bbox 168 1633 444 1690; x_wconf 88' lang='lat' dir='ltr'>chiepiscopis</span> <span class='ocrx_word' id='word_1_169' title='bbox 477 1647 562 1672; x_wconf 88' lang='lat' dir='ltr'>non</span> <span class='ocrx_word' id='word_1_170' title='bbox 603 1627 838 1684; x_wconf 83' lang='lat' dir='ltr'>Episcopis,</span> <span class='ocrx_word' id='word_1_171' title='bbox 874 1627 973 1682; x_wconf 89' lang='lat' dir='ltr'>quia</span> <span class='ocrx_word' id='word_1_172' title='bbox 1003 1625 1259 1682; x_wconf 82' lang='lat' dir='ltr'>jampridem</span> <span class='ocrx_word' id='word_1_173' title='bbox 1293 1640 1404 1680; x_wconf 87' lang='lat' dir='ltr'>pene</span> <span class='ocrx_word' id='word_1_174' title='bbox 1437 1625 1617 1666; x_wconf 87' lang='lat' dir='ltr'>universi</span> <span class='ocrx_word' id='word_1_175' title='bbox 1649 1625 1693 1666; x_wconf 82' lang='lat' dir='ltr'>in</span> 
     </span>
     <span class='ocr_line' id='line_1_24' title="bbox 168 1683 1693 1745; baseline -0.008 -10"><span class='ocrx_word' id='word_1_176' title='bbox 168 1702 340 1735; x_wconf 75' lang='lat' dir='ltr'>exteras</span> <span class='ocrx_word' id='word_1_177' title='bbox 365 1691 555 1745; x_wconf 82' lang='lat' dir='ltr'>regiones</span> <span class='ocrx_word' id='word_1_178' title='bbox 587 1703 612 1729; x_wconf 89' lang='lat' dir='ltr'>a</span> <span class='ocrx_word' id='word_1_179' title='bbox 634 1687 738 1728; x_wconf 86' lang='lat' dir='ltr'>facie</span> <span class='ocrx_word' id='word_1_180' title='bbox 761 1684 997 1727; x_wconf 86' lang='lat' dir='ltr'>tribulantis</span> <span class='ocrx_word' id='word_1_181' title='bbox 1021 1685 1229 1738; x_wconf 79' lang='lat' dir='ltr'>fugerant,</span> <span class='ocrx_word' id='word_1_182' title='bbox 1253 1693 1294 1724; x_wconf 90' lang='lat' dir='ltr'>et</span> <span class='ocrx_word' id='word_1_183' title='bbox 1314 1698 1487 1740; x_wconf 81' lang='lat' dir='ltr'>gregem</span> <span class='ocrx_word' id='word_1_184' title='bbox 1517 1683 1693 1724; x_wconf 84' lang='lat' dir='ltr'>Domini</span> 
     </span>
     <span class='ocr_line' id='line_1_25' title="bbox 167 1741 1692 1807; baseline -0.007 -14"><span class='ocrx_word' id='word_1_185' title='bbox 167 1752 363 1807; x_wconf 88' lang='lat' dir='ltr'>luporum</span> <span class='ocrx_word' id='word_1_186' title='bbox 405 1747 611 1789; x_wconf 81' lang='lat' dir='ltr'>morsibus</span> <span class='ocrx_word' id='word_1_187' title='bbox 663 1743 977 1799; x_wconf 87' lang='lat' dir='ltr'>depascendum</span> <span class='ocrx_word' id='word_1_188' title='bbox 1029 1742 1356 1797; x_wconf 79' lang='lat' dir='ltr'>dereliquerant.</span> <span class='ocrx_word' id='word_1_189' title='bbox 1451 1741 1692 1782; x_wconf 82' lang='lat' dir='ltr'>Ancillaute</span> 
     </span>
     <span class='ocr_line' id='line_1_26' title="bbox 167 1799 1691 1865; baseline -0.008 -14"><span class='ocrx_word' id='word_1_190' title='bbox 167 1810 296 1865; x_wconf 85' lang='lat' dir='ltr'>igitur</span> <span class='ocrx_word' id='word_1_191' title='bbox 331 1805 508 1849; x_wconf 86' lang='lat' dir='ltr'>ecclesia</span> <span class='ocrx_word' id='word_1_192' title='bbox 540 1804 805 1858; x_wconf 81' lang='lat' dir='ltr'>affligebatur</span> <span class='ocrx_word' id='word_1_193' title='bbox 845 1802 898 1842; x_wconf 88' lang='lat' dir='ltr'>ab</span> <span class='ocrx_word' id='word_1_194' title='bbox 937 1803 1070 1855; x_wconf 85' lang='lat' dir='ltr'>Agar,</span> <span class='ocrx_word' id='word_1_195' title='bbox 1108 1800 1373 1854; x_wconf 76' lang='lat' dir='ltr'>affligebatur</span> <span class='ocrx_word' id='word_1_196' title='bbox 1414 1808 1457 1840; x_wconf 89' lang='lat' dir='ltr'>et</span> <span class='ocrx_word' id='word_1_197' title='bbox 1497 1799 1691 1840; x_wconf 85' lang='lat' dir='ltr'>manibus</span> 
     </span>
     <span class='ocr_line' id='line_1_27' title="bbox 169 1857 1691 1923; baseline -0.007 -14"><span class='ocrx_word' id='word_1_198' title='bbox 169 1866 429 1923; x_wconf 82' lang='lat' dir='ltr'>Apostolicae</span> <span class='ocrx_word' id='word_1_199' title='bbox 461 1861 744 1910; x_wconf 69' lang='lat' dir='ltr'>districtionis,</span> <span class='ocrx_word' id='word_1_200' title='bbox 778 1859 873 1915; x_wconf 80' lang='lat' dir='ltr'>quia</span> <span class='ocrx_word' id='word_1_201' title='bbox 905 1873 1052 1913; x_wconf 85' lang='lat' dir='ltr'>graves</span> <span class='ocrx_word' id='word_1_202' title='bbox 1080 1868 1227 1899; x_wconf 86' lang='lat' dir='ltr'>erant:</span> <span class='ocrx_word' id='word_1_203' title='bbox 1262 1872 1337 1898; x_wconf 86' lang='lat' dir='ltr'>nec</span> <span class='ocrx_word' id='word_1_204' title='bbox 1360 1857 1413 1897; x_wconf 88' lang='lat' dir='ltr'>ad</span> <span class='ocrx_word' id='word_1_205' title='bbox 1437 1857 1691 1898; x_wconf 85' lang='lat' dir='ltr'>vincendum</span> 
     </span>
     <span class='ocr_line' id='line_1_28' title="bbox 167 1914 1689 1969; baseline -0.009 -2"><span class='ocrx_word' id='word_1_206' title='bbox 167 1924 373 1967; x_wconf 83' lang='lat' dir='ltr'>Amalech</span> <span class='ocrx_word' id='word_1_207' title='bbox 392 1937 459 1963; x_wconf 88' lang='lat' dir='ltr'>eas</span> <span class='ocrx_word' id='word_1_208' title='bbox 477 1920 723 1961; x_wconf 80' lang='lat' dir='ltr'>sublevabat</span> <span class='ocrx_word' id='word_1_209' title='bbox 737 1916 1033 1965; x_wconf 79' lang='lat' dir='ltr'>sacerdotium,</span> <span class='ocrx_word' id='word_1_210' title='bbox 1054 1931 1130 1957; x_wconf 89' lang='lat' dir='ltr'>nec</span> <span class='ocrx_word' id='word_1_211' title='bbox 1149 1914 1689 1969; x_wconf 66' lang='lat' dir='ltr'>coadjuvabatimperim-1113</span> 
     </span>
     <span class='ocr_line' id='line_1_29' title="bbox 165 1972 1688 2030; baseline -0.007 -6"><span class='ocrx_word' id='word_1_212' title='bbox 165 1982 239 2024; x_wconf 89' lang='lat' dir='ltr'>sed</span> <span class='ocrx_word' id='word_1_213' title='bbox 271 1979 447 2022; x_wconf 86' lang='lat' dir='ltr'>demisse</span> <span class='ocrx_word' id='word_1_214' title='bbox 468 1978 685 2019; x_wconf 80' lang='lat' dir='ltr'>llaerebant</span> <span class='ocrx_word' id='word_1_215' title='bbox 711 1976 751 2016; x_wconf 87' lang='lat' dir='ltr'>in</span> <span class='ocrx_word' id='word_1_216' title='bbox 775 1975 966 2025; x_wconf 79' lang='lat' dir='ltr'>clericos,</span> <span class='ocrx_word' id='word_1_217' title='bbox 991 1974 1061 2030; x_wconf 84' lang='lat' dir='ltr'>qui</span> <span class='ocrx_word' id='word_1_218' title='bbox 1084 1973 1249 2027; x_wconf 85' lang='lat' dir='ltr'>gravius</span> <span class='ocrx_word' id='word_1_219' title='bbox 1272 1972 1688 2028; x_wconf 77' lang='lat' dir='ltr'>feriebanturgladio</span> 
     </span>
     <span class='ocr_line' id='line_1_30' title="bbox 163 2031 1686 2093; baseline -0.007 -12"><span class='ocrx_word' id='word_1_220' title='bbox 163 2038 376 2081; x_wconf 85' lang='lat' dir='ltr'>interdicti</span> <span class='ocrx_word' id='word_1_221' title='bbox 416 2051 541 2093; x_wconf 85' lang='lat' dir='ltr'>quam</span> <span class='ocrx_word' id='word_1_222' title='bbox 583 2033 785 2075; x_wconf 83' lang='lat' dir='ltr'>violentia</span> <span class='ocrx_word' id='word_1_223' title='bbox 826 2033 969 2085; x_wconf 76' lang='lat' dir='ltr'>regali.</span> <span class='ocrx_word' id='word_1_224' title='bbox 1048 2031 1275 2073; x_wconf 85' lang='lat' dir='ltr'>Allevabat</span> <span class='ocrx_word' id='word_1_225' title='bbox 1316 2040 1455 2071; x_wconf 88' lang='lat' dir='ltr'>tamen</span> <span class='ocrx_word' id='word_1_226' title='bbox 1492 2031 1686 2071; x_wconf 86' lang='lat' dir='ltr'>dominus</span> 
     </span>
     <span class='ocr_line' id='line_1_31' title="bbox 164 2088 1687 2152; baseline -0.007 -13"><span class='ocrx_word' id='word_1_227' title='bbox 164 2099 283 2152; x_wconf 87' lang='lat' dir='ltr'>Papa</span> <span class='ocrx_word' id='word_1_228' title='bbox 313 2110 482 2137; x_wconf 87' lang='lat' dir='ltr'>manum</span> <span class='ocrx_word' id='word_1_229' title='bbox 513 2108 699 2150; x_wconf 83' lang='lat' dir='ltr'>gravem,</span> <span class='ocrx_word' id='word_1_230' title='bbox 723 2092 839 2140; x_wconf 85' lang='lat' dir='ltr'>dum,</span> <span class='ocrx_word' id='word_1_231' title='bbox 864 2106 916 2131; x_wconf 87' lang='lat' dir='ltr'>ue</span> <span class='ocrx_word' id='word_1_232' title='bbox 935 2098 1197 2130; x_wconf 85' lang='lat' dir='ltr'>sacramenta</span> <span class='ocrx_word' id='word_1_233' title='bbox 1217 2088 1404 2143; x_wconf 87' lang='lat' dir='ltr'>corporis</span> <span class='ocrx_word' id='word_1_234' title='bbox 1431 2088 1588 2130; x_wconf 84' lang='lat' dir='ltr'>Christi</span> <span class='ocrx_word' id='word_1_235' title='bbox 1611 2103 1687 2143; x_wconf 87' lang='lat' dir='ltr'>per</span> 
     </span>
     <span class='ocr_line' id='line_1_32' title="bbox 161 2146 1687 2197; baseline -0.007 0"><span class='ocrx_word' id='word_1_236' title='bbox 161 2153 512 2197; x_wconf 86' lang='lat' dir='ltr'>intermissionem</span> <span class='ocrx_word' id='word_1_237' title='bbox 542 2150 778 2191; x_wconf 89' lang='lat' dir='ltr'>inciderent</span> <span class='ocrx_word' id='word_1_238' title='bbox 804 2149 844 2189; x_wconf 89' lang='lat' dir='ltr'>in</span> <span class='ocrx_word' id='word_1_239' title='bbox 868 2148 1137 2197; x_wconf 80' lang='lat' dir='ltr'>oblivionem,</span> <span class='ocrx_word' id='word_1_240' title='bbox 1166 2146 1530 2188; x_wconf 80' lang='lat' dir='ltr'>Conventualibus</span> <span class='ocrx_word' id='word_1_241' title='bbox 1551 2147 1687 2187; x_wconf 87' lang='lat' dir='ltr'>eccle-</span> 
     </span>
     <span class='ocr_line' id='line_1_33' title="bbox 162 2204 1684 2267; baseline -0.007 -13"><span class='ocrx_word' id='word_1_242' title='bbox 162 2213 229 2254; x_wconf 78' lang='lat' dir='ltr'>siis</span> <span class='ocrx_word' id='word_1_243' title='bbox 252 2227 327 2267; x_wconf 90' lang='lat' dir='ltr'>per</span> <span class='ocrx_word' id='word_1_244' title='bbox 353 2210 548 2265; x_wconf 85' lang='lat' dir='ltr'>Angliam</span> <span class='ocrx_word' id='word_1_245' title='bbox 571 2207 819 2256; x_wconf 78' lang='lat' dir='ltr'>constitutis,</span> <span class='ocrx_word' id='word_1_246' title='bbox 844 2215 889 2247; x_wconf 91' lang='lat' dir='ltr'>ut</span> <span class='ocrx_word' id='word_1_247' title='bbox 910 2206 1039 2246; x_wconf 90' lang='lat' dir='ltr'>semel</span> <span class='ocrx_word' id='word_1_248' title='bbox 1062 2206 1102 2244; x_wconf 84' lang='lat' dir='ltr'>in</span> <span class='ocrx_word' id='word_1_249' title='bbox 1121 2204 1373 2253; x_wconf 84' lang='lat' dir='ltr'>ebdomada,</span> <span class='ocrx_word' id='word_1_250' title='bbox 1394 2213 1570 2253; x_wconf 84' lang='lat' dir='ltr'>secreto,</span> <span class='ocrx_word' id='word_1_251' title='bbox 1595 2205 1684 2244; x_wconf 89' lang='lat' dir='ltr'>sine</span> 
     </span>
     <span class='ocr_line' id='line_1_34' title="bbox 160 2260 1683 2321; baseline -0.007 -9"><span class='ocrx_word' id='word_1_252' title='bbox 160 2268 445 2312; x_wconf 89' lang='lat' dir='ltr'>modulamine</span> <span class='ocrx_word' id='word_1_253' title='bbox 467 2276 625 2315; x_wconf 81' lang='lat' dir='ltr'>cantuS,</span> <span class='ocrx_word' id='word_1_254' title='bbox 643 2265 782 2321; x_wconf 88' lang='lat' dir='ltr'>januis</span> <span class='ocrx_word' id='word_1_255' title='bbox 805 2263 967 2313; x_wconf 87' lang='lat' dir='ltr'>clausis,</span> <span class='ocrx_word' id='word_1_256' title='bbox 992 2263 1267 2310; x_wconf 78' lang='lat' dir='ltr'>celebrarent,</span> <span class='ocrx_word' id='word_1_257' title='bbox 1293 2260 1490 2302; x_wconf 84' lang='lat' dir='ltr'>viaticum</span> <span class='ocrx_word' id='word_1_258' title='bbox 1513 2276 1683 2316; x_wconf 66' lang='lat' dir='ltr'>quoque</span> 
     </span>
     <span class='ocr_line' id='line_1_35' title="bbox 158 2318 1682 2370; baseline -0.008 0"><span class='ocrx_word' id='word_1_259' title='bbox 158 2329 339 2370; x_wconf 85' lang='lat' dir='ltr'>salutare</span> <span class='ocrx_word' id='word_1_260' title='bbox 370 2324 679 2367; x_wconf 86' lang='lat' dir='ltr'>infirmantibus</span> <span class='ocrx_word' id='word_1_261' title='bbox 710 2323 751 2363; x_wconf 88' lang='lat' dir='ltr'>in</span> <span class='ocrx_word' id='word_1_262' title='bbox 784 2322 972 2363; x_wconf 85' lang='lat' dir='ltr'>confinio</span> <span class='ocrx_word' id='word_1_263' title='bbox 1003 2321 1150 2360; x_wconf 88' lang='lat' dir='ltr'>mortis</span> <span class='ocrx_word' id='word_1_264' title='bbox 1172 2319 1263 2359; x_wconf 89' lang='lat' dir='ltr'>dari</span> <span class='ocrx_word' id='word_1_265' title='bbox 1285 2318 1506 2359; x_wconf 83' lang='lat' dir='ltr'>concessit.</span> <span class='ocrx_word' id='word_1_266' title='bbox 1572 2319 1682 2359; x_wconf 77' lang='lat' dir='ltr'>Cum</span> 
     </span>
     <span class='ocr_line' id='line_1_36' title="bbox 158 2376 1679 2441; baseline -0.006 -14"><span class='ocrx_word' id='word_1_267' title='bbox 158 2386 287 2441; x_wconf 84' lang='lat' dir='ltr'>igitur</span> <span class='ocrx_word' id='word_1_268' title='bbox 307 2383 502 2426; x_wconf 89' lang='lat' dir='ltr'>dominus</span> <span class='ocrx_word' id='word_1_269' title='bbox 519 2383 616 2423; x_wconf 83' lang='lat' dir='ltr'>Rex</span> <span class='ocrx_word' id='word_1_270' title='bbox 633 2396 657 2422; x_wconf 91' lang='lat' dir='ltr'>a</span> <span class='ocrx_word' id='word_1_271' title='bbox 672 2380 894 2436; x_wconf 83' lang='lat' dir='ltr'>proposito</span> <span class='ocrx_word' id='word_1_272' title='bbox 909 2377 1124 2433; x_wconf 80' lang='lat' dir='ltr'>pravitatis</span> <span class='ocrx_word' id='word_1_273' title='bbox 1142 2376 1339 2418; x_wconf 85' lang='lat' dir='ltr'>inmutari</span> <span class='ocrx_word' id='word_1_274' title='bbox 1357 2391 1443 2417; x_wconf 87' lang='lat' dir='ltr'>non</span> <span class='ocrx_word' id='word_1_275' title='bbox 1458 2376 1679 2432; x_wconf 84' lang='lat' dir='ltr'>potuisset,</span> 
     </span>
     <span class='ocr_line' id='line_1_37' title="bbox 159 2434 1682 2492; baseline -0.007 -7"><span class='ocrx_word' id='word_1_276' title='bbox 159 2444 369 2485; x_wconf 86' lang='lat' dir='ltr'>accinctus</span> <span class='ocrx_word' id='word_1_277' title='bbox 402 2450 464 2483; x_wconf 90' lang='lat' dir='ltr'>est</span> <span class='ocrx_word' id='word_1_278' title='bbox 494 2449 644 2481; x_wconf 88' lang='lat' dir='ltr'>contra</span> <span class='ocrx_word' id='word_1_279' title='bbox 669 2439 830 2492; x_wconf 85' lang='lat' dir='ltr'>Regem</span> <span class='ocrx_word' id='word_1_280' title='bbox 853 2445 895 2477; x_wconf 87' lang='lat' dir='ltr'>et</span> <span class='ocrx_word' id='word_1_281' title='bbox 915 2450 1092 2489; x_wconf 82' lang='lat' dir='ltr'>regnum</span> <span class='ocrx_word' id='word_1_282' title='bbox 1113 2434 1282 2489; x_wconf 80' lang='lat' dir='ltr'>Angliae</span> <span class='ocrx_word' id='word_1_283' title='bbox 1303 2434 1447 2488; x_wconf 80' lang='lat' dir='ltr'>gladio</span> <span class='ocrx_word' id='word_1_284' title='bbox 1469 2449 1545 2475; x_wconf 81' lang='lat' dir='ltr'>suo</span> <span class='ocrx_word' id='word_1_285' title='bbox 1567 2435 1682 2475; x_wconf 84' lang='lat' dir='ltr'>anci-</span> 
     </span>
     <span class='ocr_line' id='line_1_38' title="bbox 156 2491 1679 2556; baseline -0.007 -14"><span class='ocrx_word' id='word_1_286' title='bbox 156 2500 245 2556; x_wconf 86' lang='lat' dir='ltr'>piti,</span> <span class='ocrx_word' id='word_1_287' title='bbox 286 2510 331 2541; x_wconf 91' lang='lat' dir='ltr'>ut</span> <span class='ocrx_word' id='word_1_288' title='bbox 362 2499 530 2554; x_wconf 83' lang='lat' dir='ltr'>gravius</span> <span class='ocrx_word' id='word_1_289' title='bbox 562 2505 815 2552; x_wconf 83' lang='lat' dir='ltr'>percuteret,</span> <span class='ocrx_word' id='word_1_290' title='bbox 851 2493 1048 2534; x_wconf 83' lang='lat' dir='ltr'>dominus</span> <span class='ocrx_word' id='word_1_291' title='bbox 1085 2493 1226 2547; x_wconf 82' lang='lat' dir='ltr'>Papa3</span> <span class='ocrx_word' id='word_1_292' title='bbox 1259 2502 1301 2533; x_wconf 88' lang='lat' dir='ltr'>et</span> <span class='ocrx_word' id='word_1_293' title='bbox 1321 2506 1397 2547; x_wconf 86' lang='lat' dir='ltr'>per</span> <span class='ocrx_word' id='word_1_294' title='bbox 1422 2491 1679 2532; x_wconf 74' lang='lat' dir='ltr'>pandulfum</span> 
     </span>
     <span class='ocr_line' id='line_1_39' title="bbox 156 2548 1677 2613; baseline -0.007 -14"><span class='ocrx_word' id='word_1_295' title='bbox 156 2560 341 2613; x_wconf 68' lang='lat' dir='ltr'>legatum</span> <span class='ocrx_word' id='word_1_296' title='bbox 375 2555 653 2598; x_wconf 81' lang='lat' dir='ltr'>comminatus</span> <span class='ocrx_word' id='word_1_297' title='bbox 688 2563 750 2594; x_wconf 81' lang='lat' dir='ltr'>est</span> <span class='ocrx_word' id='word_1_298' title='bbox 784 2568 828 2593; x_wconf 88' lang='lat' dir='ltr'>se</span> <span class='ocrx_word' id='word_1_299' title='bbox 866 2551 997 2592; x_wconf 82' lang='lat' dir='ltr'>multa</span> <span class='ocrx_word' id='word_1_300' title='bbox 1030 2550 1142 2591; x_wconf 85' lang='lat' dir='ltr'>mala</span> <span class='ocrx_word' id='word_1_301' title='bbox 1175 2549 1216 2590; x_wconf 92' lang='lat' dir='ltr'>iu</span> <span class='ocrx_word' id='word_1_302' title='bbox 1258 2550 1421 2605; x_wconf 79' lang='lat' dir='ltr'>Regem</span> <span class='ocrx_word' id='word_1_303' title='bbox 1454 2548 1557 2590; x_wconf 87' lang='lat' dir='ltr'>etin</span> <span class='ocrx_word' id='word_1_304' title='bbox 1581 2564 1677 2589; x_wconf 88' lang='lat' dir='ltr'>suos</span> 
     </span>
     <span class='ocr_line' id='line_1_40' title="bbox 158 2606 1678 2666; baseline -0.006 -11"><span class='ocrx_word' id='word_1_305' title='bbox 158 2616 393 2663; x_wconf 79' lang='lat' dir='ltr'>missurum,</span> <span class='ocrx_word' id='word_1_306' title='bbox 428 2610 813 2666; x_wconf 81' lang='lat' dir='ltr'>circumjacentium</span> <span class='ocrx_word' id='word_1_307' title='bbox 841 2609 1000 2649; x_wconf 78' lang='lat' dir='ltr'>scilicet</span> <span class='ocrx_word' id='word_1_308' title='bbox 1041 2608 1259 2661; x_wconf 82' lang='lat' dir='ltr'>regionum</span> <span class='ocrx_word' id='word_1_309' title='bbox 1297 2606 1518 2656; x_wconf 81' lang='lat' dir='ltr'>exercitus,</span> <span class='ocrx_word' id='word_1_310' title='bbox 1553 2621 1678 2660; x_wconf 87' lang='lat' dir='ltr'>apos-</span> 
     </span>
     <span class='ocr_line' id='line_1_41' title="bbox 155 2662 1677 2722; baseline -0.007 -8"><span class='ocrx_word' id='word_1_311' title='bbox 155 2672 281 2714; x_wconf 82' lang='lat' dir='ltr'>toliea</span> <span class='ocrx_word' id='word_1_312' title='bbox 311 2670 560 2712; x_wconf 72' lang='lat' dir='ltr'>auctoritate</span> <span class='ocrx_word' id='word_1_313' title='bbox 593 2668 809 2717; x_wconf 82' lang='lat' dir='ltr'>subnixos,</span> <span class='ocrx_word' id='word_1_314' title='bbox 847 2666 917 2722; x_wconf 88' lang='lat' dir='ltr'>qui</span> <span class='ocrx_word' id='word_1_315' title='bbox 955 2680 1029 2707; x_wconf 81' lang='lat' dir='ltr'>cos</span> <span class='ocrx_word' id='word_1_316' title='bbox 1060 2664 1351 2720; x_wconf 83' lang='lat' dir='ltr'>corporalibus</span> <span class='ocrx_word' id='word_1_317' title='bbox 1390 2662 1545 2704; x_wconf 85' lang='lat' dir='ltr'>viribus</span> <span class='ocrx_word' id='word_1_318' title='bbox 1579 2664 1677 2705; x_wconf 88' lang='lat' dir='ltr'>sub-</span> 
     </span>
    </p>
   </div>
   <div class='ocr_carea' id='block_1_5' title="bbox 238 2781 1586 2826">
    <p class='ocr_par' dir='ltr' id='par_1_5' title="bbox 238 2781 1586 2826">
     <span class='ocr_line' id='line_1_42' title="bbox 238 2781 1586 2826; baseline -0.007 -7"><span class='ocrx_word' id='word_1_319' title='bbox 238 2792 252 2806; x_wconf 79' lang='lat'><strong>·</strong></span> <span class='ocrx_word' id='word_1_320' title='bbox 268 2788 481 2826; x_wconf 55' lang='lat' dir='ltr'>Armis-nix,</span> <span class='ocrx_word' id='word_1_321' title='bbox 500 2783 563 2819; x_wconf 80' lang='lat' dir='ltr'>No.</span> <span class='ocrx_word' id='word_1_322' title='bbox 582 2782 762 2822; x_wconf 65' lang='lat' dir='ltr'>xiix,a·.1‹l</span> <span class='ocrx_word' id='word_1_323' title='bbox 782 2782 955 2815; x_wconf 59' lang='lat' dir='ltr'>nemim</span> <span class='ocrx_word' id='word_1_324' title='bbox 974 2781 1107 2814; x_wconf 62' lang='lat' dir='ltr'>witts</span> <span class='ocrx_word' id='word_1_325' title='bbox 1126 2781 1190 2813; x_wconf 80' lang='lat' dir='ltr'>and</span> <span class='ocrx_word' id='word_1_326' title='bbox 1207 2781 1487 2819; x_wconf 52' lang='lat' dir='ltr'>hammum,</span> <span class='ocrx_word' id='word_1_327' title='bbox 1507 2789 1535 2822; x_wconf 64' lang='lat' dir='ltr'>p.</span> <span class='ocrx_word' id='word_1_328' title='bbox 1555 2781 1586 2809; x_wconf 74' lang='lat'>4.</span> 
     </span>
    </p>
   </div>
  </div>
 </body>
</html>
