1807 2962
209 118 274 167 &Q
545 134 676 167 HIST.
705 132 938 166 DUNELM,
967 131 1268 165 SCRIPTORES
1294 132 1429 165 TRES.

207 250 322 286 runt,
386 242 623 294 [Abbatem
645 241 776 282 eciam
800 239 1104 295 supradictum,
1130 241 1352 296 magistros
1378 239 1436 281 H.
1459 247 1502 280 et
1528 240 1618 291 W„
1643 249 1733 282 tan-

206 314 333 355 quam
356 300 669 354 perturbatores
684 295 1015 352 jurisdiccionis,
1031 312 1083 338 eo
1104 298 1220 351 quod
1241 311 1484 352 processum
1506 298 1729 352 praefatum

206 358 411 407 fecerunt,
454 357 496 397 in
527 355 784 397 sentenciam
821 354 1269 410 excommunicationis
1310 353 1503 396 incidisse
1542 370 1738 409 pronun—‘

206 414 386 466 ciarunt,
409 414 646 456 sentencias
668 427 815 455 eorum
837 411 1078 453 diffinitivas
1099 411 1421 453 interlocutorie
1442 413 1733 468 condempna-

207 482 361 523 torum,
403 488 479 514 seu-
517 471 809 513 absolutorum
850 470 1134 511 adnullantes.
1210 470 1357 510 Abbas
1388 485 1489 511 vero
1528 471 1730 525 praefatus

208 546 233 571 a
263 539 464 584 magistro
491 529 545 570 R,
565 538 608 571 et
634 529 697 572 W.
722 528 873 569 eodem
906 527 1036 568 modo
1058 526 1157 568 istos
1179 527 1615 578 excommunicare-nt,
1639 536 1733 568 tan-s

207 603 334 643 quam
367 587 644 642 impedientes
667 600 812 627 eorum
838 584 1139 640 jurisdictioni,
1164 593 1208 625 et
1229 584 1430 640 quicquid
1451 600 1530 640 per
1550 600 1623 626 eos
1645 586 1732 626 fac-

208 656 299 686 tum
321 645 551 686 irritarunt.
616 643 683 683 Ex
700 651 823 698 parte
838 657 940 683 vero
960 641 1117 684 Prioris
1141 650 1183 683 et
1204 642 1377 696 capituli
1393 642 1473 683 fuit
1496 643 1549 683 ab
1572 643 1731 684 eisdem

213 702 276 746 W.
301 703 355 744 de
375 702 571 753 Newerk,
594 702 633 743 J.
662 700 833 750 Clarell,
856 700 898 741 J.
920 700 974 741 de
997 700 1111 741 Luto
1133 700 1393 754 appellatum
1415 700 1470 741 ad
1491 700 1729 742 Romanam

206 760 365 802 curiam
396 760 577 809 directe,
603 767 646 800 et
681 758 736 800 ad
772 757 929 799 curiam
955 758 1310 799 Cantuariensem
1341 758 1641 813 peremptorie,
1678 774 1732 800 eo

207 818 323 875 quod
339 818 523 859 decanus
544 812 870 872 Lyncolniensis
891 815 1164 869 praesenciam
1187 830 1304 856 suam
1327 815 1532 870 exhibens
1556 814 1733 866 Abbati,

208 885 252 917 et
278 876 332 917 H.
356 884 400 917 et
427 875 479 918 R.
503 890 580 929 pro
601 873 802 915 tribunali
823 873 1080 922 sedentibus,
1104 881 1146 914 et
1167 872 1500 928 procedentibus
1526 874 1566 913 in
1590 884 1738 924 causas

206 948 283 989 per
303 933 385 974 hoc
406 932 575 973 videtur
596 931 722 973 tacite
743 930 1012 972 renunciasse
1044 930 1111 971 vel
1134 945 1353 971 revocasse
1375 931 1728 979 commissionem,

206 993 241 1032 si
272 1006 399 1046 quam
429 990 558 1038 fecit3
609 989 697 1043 ipse
738 988 866 1030 etiam
907 996 1125 1028 recusatus
1166 987 1356 1042 legitime
1392 988 1550 1028 nullam
1594 988 1731 1030 facere

207 1048 373 1104 potuit3
400 1047 687 1089 Cancellarius
708 1047 834 1087 etiam
858 1045 1176 1101 Lyncolniensis
1197 1045 1346 1085 inistis
1365 1045 1733 1100 nullamjurisdic-

207 1106 367 1147 tionem
401 1105 695 1146 transfundere
727 1103 879 1158 potuit,
912 1103 1011 1159 quia
1042 1102 1228 1157 plenarie
1259 1102 1374 1156 prius
1395 1102 1485 1143 aliis
1507 1104 1731 1145 commisit.

209 1163 529 1218 lnhibitumque
561 1161 640 1202 fuit
671 1176 746 1215 per
776 1160 935 1201 curiam
970 1159 1319 1201 cantuariensem
1348 1160 1512 1201 decano
1546 1161 1733 1216 Lyncol-

206 1221 342 1262 niensi
372 1229 416 1261 et
452 1219 731 1268 Cancellario,
758 1217 821 1259 W.
844 1218 883 1259 J.
916 1226 959 1258 et
980 1217 1020 1260 J.
1045 1232 1192 1258 eorum
1215 1217 1527 1267 commissariis,
1547 1228 1590 1259 et
1612 1229 1736 1260 erant

207 1278 325 1320 citati
354 1292 602 1333 comparere
636 1276 678 1316 in
715 1276 913 1316 Arcubus
959 1275 1213 1325 Lundoniae,
1254 1289 1297 1315 vl
1331 1274 1400 1316 die
1426 1275 1612 1329 juridico
1635 1286 1733 1331 post

207 1336 466 1377 dominicum
490 1349 573 1391 qua
595 1341 789 1375 cantatur
811 1334 1113 1389 Misericordia·
1129 1335 1316 1374 Domini.
1384 1332 1483 1380 Quo
1514 1333 1582 1375 die
1617 1349 1732 1375 com--

206 1402 418 1448 parenteS,
441 1393 481 1436 J.
509 1392 665 1434 Clarell
692 1389 903 1431 recusavit
923 1389 995 1439 ibi,
1020 1399 1063 1431 et
1085 1390 1125 1431 J.
1148 1389 1202 1431 de
1226 1390 1341 1431 Luto
1363 1390 1563 1441 similiter,
1588 1392 1729 1433 subire

200 1451 421 1508 judicium,
456 1450 585 1491 immo
618 1448 839 1490 officialem
880 1447 1170 1498 inhibuerunt,
1193 1462 1246 1488 ne
1279 1447 1438 1503 aliquid
1470 1449 1510 1488 in
1532 1449 1732 1503 praejudi‘-

205 1509 317 1550 cium
334 1506 647 1562 jurisdiccionis
669 1520 814 1547 eorum
837 1512 1124 1560 attemptaret.
1187 1504 1388 1547 Decanus
1409 1506 1731 1561 Lyncoluiensis

206 1575 251 1608 et
296 1566 360 1609 W.
394 1565 448 1606 de
487 1563 672 1606 Newerk
702 1563 760 1605 ibi
791 1562 1022 1618 procedere
1063 1571 1375 1613 concesserunt,
1408 1573 1452 1604 et
1482 1565 1541 1604 sic
1572 1561 1734 1605 curiam

207 1624 323 1664 illam
356 1622 534 1663 illudere
570 1621 860 1670 intendebant,
903 1634 998 1661 cum
1036 1634 1182 1660 eorum
1235 1635 1362 1661 causa
1411 1629 1500 1662 erat
1547 1636 1728 1665 annexa.

208 1680 413 1722 Officialis
436 1688 576 1720 tamen
598 1687 727 1720 testes
752 1677 912 1719 Prioris
934 1686 976 1718 et
1007 1677 1178 1732 capituli
1202 1678 1471 1727 examinavit,
1495 1679 1567 1719 sed
1589 1680 1730 1734 publi-

206 1753 303 1780 care
326 1753 457 1793 usque
480 1737 521 1777 in
545 1736 656 1777 diem
679 1736 822 1777 martis
845 1735 1082 1789 proximum
1108 1736 1348 1789 protelavit.
1400 1736 1485 1776 Die
1507 1751 1607 1777 vero
1623 1752 1730 1778 mer-

206 1795 310 1837 curii
352 1795 547 1850 proxime
588 1802 687 1848 post
723 1801 891 1834 octavas
934 1792 1168 1841 Trinitatis,
1212 1793 1440 1847 praedictus
1485 1794 1634 1835 Abbas
1675 1795 1729 1835 de

210 1853 435 1903 Waltham,
477 1852 533 1894 H.
572 1860 615 1892 et
652 1851 705 1892 R.
737 1848 976 1891 cancellarii
1010 1850 1333 1905 Lyncolniensis
1363 1851 1651 1902 commissarii,
1686 1853 1730 1892 in

205 1910 384 1952 ecclesia
405 1918 563 1951 sanctae
594 1908 749 1949 Mariae
774 1908 902 1962 juxta
933 1917 1105 1961 pontem
1140 1907 1397 1948 Stanfordiae
1419 1923 1496 1962 pro
1528 1908 1729 1951 tribunali

205 1969 414 2017 sedenteS‚
448 1967 577 2007 docto
611 1967 709 2020 [ita]
748 1965 861 2019 prius
892 1964 946 2005 de
977 1964 1182 2005 citacione
1215 1964 1551 2021 Archicpiscopi3
1575 1976 1618 2007 et
1638 1966 1729 2007 aliis

205 2025 430 2081 requisitiS,
467 2023 753 2078 praeconizato
777 2021 1123 2076 Archiepiscopo,
1147 2030 1190 2062 et
1221 2022 1386 2063 diucius
1408 2031 1652 2077 expectato,
1685 2033 1729 2065 et.

204 2084 323 2123 nullo
344 2082 473 2123 modo
509 2089 794 2135 comparente,
825 2079 1029 2135 factisque
1050 2079 1154 2128 aliis,
1188 2094 1284 2134 quae
1309 2082 1417 2136 juris
1439 2080 1727 2135 sollempnitas

204 2140 391 2196 requirit,
412 2139 583 2180 tandem
606 2139 741 2192 ipsum
760 2136 1136 2190 Archiepiscopuin
1160 2147 1451 2178 contumacem
1475 2138 1732 2192 pronuncia-

205 2206 318 2247 ruut,
355 2197 547 2238 Priorem
569 2204 611 2236 et
632 2194 864 2249 capitulum
891 2193 1078 2250 legitime
1110 2194 1359 2248 appellasse,
1383 2202 1427 2235 et
1457 2195 1602 2236 onmia
1631 2204 1730 2250 post

206 2255 247 2295 in
271 2269 417 2295 eorum
439 2253 737 2308 praejudicium
768 2260 1023 2306 attemptata
1059 2251 1175 2291 irrita
1206 2251 1489 2293 declararunt.
1549 2252 1728 2293 Archie-

206 2312 427 2368 piscopum
465 2311 507 2352 in
541 2324 594 2351 cc
626 2309 759 2358 libris,
794 2324 880 2349 uno
912 2307 1085 2349 denario
1117 2308 1251 2348 miuus
1274 2309 1650 2362 condempnanteS‚
1684 2318 1728 2351 et

205 2370 367 2426 singula
399 2369 512 2409 facta
541 2383 618 2422 per
644 2367 704 2408 W.
728 2366 782 2407 de
819 2365 1015 2417 Newerk,
1048 2366 1088 2408 J.
1115 2365 1288 2415 Clarell,
1312 2367 1351 2407 J.
1374 2366 1428 2407 de
1453 2367 1568 2408 Luto
1590 2366 1728 2408 irrita-

206 2437 319 2476 runt,
367 2427 434 2467 vel
481 2425 598 2466 irrita
647 2423 992 2479 prommci-aruut.
1058 2423 1125 2463 Ad
1172 2423 1488 2477 suggestionem
1540 2424 1728 2479 episcopi

208 2484 507 2525 Dunelmcnsis
539 2492 582 2523 et
617 2481 786 2531 Prioris,
819 2481 985 2536 scripsit
1014 2495 1124 2536 papa
1158 2481 1370 2521 Martinus
1403 2482 1640 2522 Abbatibus
1672 2482 1727 2522 de

212 2543 369 2582 Sancto
396 2541 624 2582 Edmundo
656 2548 696 2580 et
720 2539 772 2580 de
798 2539 1002 2594 Furneys,
1026 2547 1069 2579 et
1091 2538 1254 2579 decano
1279 2537 1587 2588 Londoniensi‚
1610 2539 1726 2595 quod

205 2599 455 2639 seutentiam
478 2597 753 2652 praemissam,
787 2596 819 2636 si
845 2596 1006 2650 justam
1038 2595 1290 2645 invenirent,
1314 2596 1563 2636 auctoritate
1588 2598 1727 2651 Apos-

206 2656 332 2696 tolica
362 2655 676 2697 confirmarent.
743 2654 913 2695 Abbate
953 2652 1080 2707 igitur
1112 2653 1165 2694 de
1200 2654 1402 2707 Furneys,
1435 2661 1643 2703 recusato,
1675 2668 1727 2694 eo

206 2714 317 2767 quod
353 2711 522 2752 scolaris
553 2720 594 2751 et
625 2710 854 2765 discipulus
888 2710 1221 2765 Archiepiscopi,
1254 2721 1295 2751 ct
1327 2710 1364 2751 ei
1395 2709 1610 2751 familiaris
1631 2710 1724 2760 fuit,

209 2769 405 2810 abbathia
437 2778 476 2810 ct
509 2767 695 2809 maneria
727 2783 800 2809 sua
831 2768 873 2809 in
907 2767 1225 2823 Archicpiscopi
1250 2768 1414 2809 diocese
1437 2767 1529 2818 sita,
1554 2768 1726 2809 commi-
