1807 2962
461 100 737 132 APPENDIX.
766 100 886 131 ANN.
916 100 1227 131 MCCCCXLVI.
1418 86 1611 134 cclxxxi

85 206 279 262 amplius,
313 207 516 249 oriundus
550 208 658 248 infra
695 207 918 248 Baroniam
952 206 1214 261 praedictam,
1248 210 1483 250 concordat
1515 226 1610 252 cum

85 265 282 320 proximo
304 275 496 306 conteste
519 281 596 307 suo
618 280 756 320 supra.
808 265 953 306 HUGo
976 265 1199 314 VVATSON,
1224 266 1360 306 aetatis
1386 280 1457 307 Lvl
1480 284 1613 309 anno-

86 337 179 363 rum
212 331 256 364 et
289 323 482 377 amplius,
509 333 554 365 ut
589 323 705 373 dicit,
731 333 870 364 ortum
905 337 1026 363 suum
1049 322 1207 364 habens
1231 322 1340 364 infra
1363 324 1608 376 Barouiam,

86 380 319 421 concordat
341 396 436 421 cum
456 382 593 435 primo
615 390 805 422 conteste
820 396 895 421 suo
918 382 958 420 in
982 380 1150 420 effectu.
1212 381 1456 423 JOHANNES
1480 383 1611 424 HAM-

90 451 309 488 STERLEY,
329 439 465 479 aetatis
485 452 556 479 Lvl
572 453 791 488 annorum,
811 439 970 479 habens
985 447 1124 478 ortum
1144 453 1265 479 suum
1285 438 1335 485 in,
1356 440 1538 481 Baronia
1558 441 1612 482 de

90 495 403 550 Brauncepath,
429 496 545 536 testis
570 498 753 552 juratus,
779 496 1010 537 concordat
1046 511 1141 537 cum
1173 496 1381 550 prioribus
1415 500 1614 540 contesti-

85 554 165 594 bus
201 553 299 597 suis,
369 554 673 595 WILLIELMUS
708 554 882 594 HoToN
906 554 959 594 de
990 554 1143 603 Elvett,
1168 556 1305 595 aetatis
1330 568 1387 595 Lx
1405 571 1613 598 annorum

86 619 131 652 et
153 610 348 666 amplius,
372 612 578 669 originem
609 626 730 652 suum
758 612 919 652 habens
957 611 998 651 in
1038 611 1222 652 Baronia
1243 613 1461 667 praedicta,
1495 616 1612 656 testis

79 671 259 725 juratuS‚
284 671 517 711 concordat
539 685 633 710 cum
665 669 924 711 contestibus
947 670 1047 711 suis,
1117 668 1369 712 Ronmvrns
1396 672 1611 724 Luruom,

86 727 224 768 aetatis
246 741 303 767 XL
322 742 527 768 annorum
544 737 585 768 et
600 727 795 783 amphus,
817 737 858 768 ut
878 727 993 776 dicit,
1015 727 1219 768 oriundus
1238 728 1345 769 infra
1368 731 1612 783 praedictam

90 785 330 835 Baroniam‚
369 785 472 826 dicit
508 786 624 841 quod
666 785 909 826 Willielmus
948 785 1037 835 011,
1077 795 1198 840 pater
1225 786 1385 827 domini
1406 788 1613 830 Johannis

89 843 177 893 ΟΠ,
196 843 313 884 dedit
337 844 402 885 isti
425 843 521 885 testi
545 859 675 884 unum
695 843 910 885 cultellum
933 854 1113 898 argento
1136 853 1346 894 ornatum,
1371 846 1470 886 dum
1490 846 1610 898 vixit,

87 911 131 942 et
152 902 267 957 quod
289 901 377 956 ipse
399 911 584 942 moratus
607 911 650 942 et
672 911 794 942 natus
816 901 896 942 fuit
920 903 961 942 in
985 901 1136 942 eodem
1158 902 1252 944 loco
1271 904 1339 944 ubi
1370 904 1613 946 Willielmus

93 959 179 1009 Oli,
204 969 331 1013 pater
344 959 505 1000 domini
525 959 745 1009 Johannis,
771 971 895 1000 natus
917 959 1009 1009 fuit,
1026 959 1154 1014 juxta
1174 975 1348 1015 parcum
1373 962 1615 1005 occidenta-

86 1016 172 1057 lem
194 1017 248 1058 de
276 1017 592 1072 Brauncepath:
616 1017 656 1057 in
679 1017 826 1059 ceteris
849 1018 1079 1058 concordat
1097 1033 1192 1058 cum
1215 1019 1424 1073 prioribus
1447 1031 1615 1063 contes-

91 1074 202 1115 tibus
236 1076 334 1119 suis.
402 1076 599 1116 THOMAS
636 1076 933 1116 WILKYNsoN
957 1075 1009 1116 de
1035 1076 1346 1131 Brauncepath,
1383 1079 1521 1120 aetatis
1555 1093 1612 1120 Lx

88 1147 293 1173 annorum
317 1142 359 1174 et
382 1134 574 1186 amplius‚
610 1133 724 1174 testis
756 1135 988 1188 productus
1010 1143 1053 1174 et
1076 1135 1258 1189 juratus,
1282 1136 1399 1185 olim,
1426 1147 1470 1177 ut
1494 1138 1611 1188 dicit,

88 1192 275 1232 servieus
302 1191 525 1232 willielmi
561 1191 648 1240 Oll,
689 1191 815 1246 patris
853 1191 1011 1232 domini
1048 1192 1253 1233 Johannis
1290 1194 1360 1235 Oll
1403 1196 1611 1245 monachi,

88 1249 320 1290 concordat
361 1264 457 1289 cum
504 1250 715 1290 RmAnDo
761 1250 1034 1290 MAYNHERD
1067 1250 1205 1304 priore
1239 1261 1429 1293 conteste
1463 1269 1538 1293 suo
1570 1254 1612 1294 in

88 1306 296 1350 omnibus.
377 1308 618 1348 RICARDUS
646 1308 974 1357 HAMSTERLEY,
999 1310 1136 1349 aetatis
1169 1323 1308 1349 xxxlv
1330 1325 1537 1352 annorum
1569 1322 1612 1353 et

87 1364 282 1419 amplius,
326 1367 559 1407 concordat
596 1380 691 1406 cum
715 1367 976 1407 contestibus
999 1366 1096 1407 suis.
1148 1367 1392 1408 JOHANNES
1428 1369 1615 1411 MAYNs-

90 1437 242 1463 FORTH
260 1423 314 1464 de
333 1423 548 1473 Dunelm.,
572 1423 709 1464 aetatis
734 1438 842 1464 LXXI
860 1439 1080 1474 annorum,
1100 1434 1144 1465 ut
1162 1425 1277 1475 dicit,
1295 1426 1413 1467 testis
1428 1427 1609 1481 juratus,

88 1481 190 1522 dicit
207 1482 321 1537 quod
345 1481 462 1522 novit
483 1482 763 1523 VVillielmum
788 1482 873 1532 Oil,
894 1492 1055 1537 patrem
1078 1483 1280 1524 Johannis
1309 1484 1378 1525 Oll
1402 1488 1610 1536 monachi,

88 1549 132 1580 et
169 1555 278 1580 uxor
314 1539 441 1594 ipsius
478 1540 593 1580 testis
623 1540 701 1580 suit
724 1540 881 1581 famula
904 1540 1032 1595 ipsius
1061 1541 1283 1591 willielmi,
1308 1551 1349 1582 et
1374 1558 1515 1583 secum
1539 1545 1611 1585 diu

88 1599 348 1648 morabatur,
388 1598 487 1638 dum
527 1597 656 1646 vixit3
690 1608 732 1638 et
764 1600 881 1638 novit
904 1600 1036 1639 eciam
1061 1609 1237 1640 caeteros
1259 1599 1362 1640 alios
1385 1601 1438 1641 de
1460 1616 1613 1656 paren-

89 1656 175 1696 tela
197 1655 324 1710 ipsius
347 1655 506 1696 domini
529 1656 735 1696 Johannis
768 1671 845 1710 pro
868 1656 987 1697 bonis
1010 1656 1181 1697 valectis
1203 1666 1244 1698 et
1269 1658 1445 1699 multum
1471 1660 1612 1702 valen-

89 1713 201 1755 tibus
238 1713 346 1754 infra
385 1713 641 1762 Baroniam;
674 1723 716 1754 et
753 1728 993 1770 nuncquam
1030 1714 1191 1755 audivit
1209 1715 1251 1755 in
1290 1715 1376 1756 vita
1412 1732 1488 1758 sua
1519 1718 1611 1760 illos

89 1771 297 1812 nominari
319 1786 396 1826 pro
419 1771 548 1812 servis
580 1787 653 1812 seu
687 1772 847 1812 servilis
879 1772 1138 1813 condicionis
1157 1788 1167 1820 3
1201 1782 1243 1813 et
1266 1773 1342 1814 scit
1366 1774 1472 1816 bene
1495 1777 1611 1831 quod

90 1829 121 1870 si
145 1829 286 1886 aliqua
302 1829 479 1870 servitus
501 1829 743 1884 imponatur
764 1830 943 1884 praefato
960 1830 1133 1872 domino
1149 1831 1334 1872 ,Iohanni
1358 1832 1462 1874 illud
1485 1836 1537 1875 sit
1557 1850 1612 1875 ex

88 1887 246 1928 invidia
283 1896 326 1928 et
364 1887 472 1928 malo
504 1888 644 1928 animo
681 1897 724 1928 et
754 1902 839 1928 non
877 1888 1023 1936 aliter3
1056 1889 1169 1943 quod
1192 1889 1300 1930 liber
1321 1889 1449 1931 homo
1471 1901 1534 1933 est
1557 1908 1613 1933 ex

89 1945 311 1987 nativitate
334 1960 423 1995 sua,
448 1947 555 1986 sicut
576 1955 617 1986 et
641 1945 775 1986 omnis
798 1946 1016 2000 parentela
1038 1946 1241 2000 ejusdem.
1306 1948 1410 1989 Post
1431 1965 1612 2004 quorum

89 2004 261 2059 quidem
299 2005 467 2044 testium
507 2003 811 2057 deposiciones„
836 2019 925 2054 1105,
951 2004 1002 2045 ad
1041 2003 1266 2058 specialem
1290 2005 1536 2049 instanciam
1570 2018 1612 2050 et

89 2062 410 2116 requisicionem
434 2061 597 2116 praefati
620 2061 782 2102 domini
804 2061 1011 2103 ,Iohannis
1040 2062 1111 2103 Oll
1133 2063 1344 2113 monachi,
1370 2074 1412 2105 et
1434 2066 1547 2107 dicta
1569 2076 1611 2108 et

89 2119 381 2173 deposiciones
415 2120 688 2174 praefatorum
724 2119 895 2160 testium
928 2120 1250 2174 publicavimus,
1275 2130 1316 2162 et
1339 2121 1379 2162 iu
1398 2124 1611 2177 publicam

87 2176 268 2218 formam
304 2177 440 2234 redigi
477 2178 780 2227 mandavimus,
819 2178 871 2218 ad
912 2187 1157 2232 perpetuam
1195 2179 1253 2219 rei
1291 2181 1537 2222 memoriam
1569 2193 1613 2225 et

89 2235 130 2274 in
154 2235 384 2275 subsidium
408 2246 449 2275 et
472 2236 661 2276 levamen
686 2235 885 2278 veritatis,
975 2236 1085 2282 Quae
1108 2236 1250 2276 omnia
1272 2245 1315 2276 et
1337 2237 1501 2291 singula
1523 2255 1613 2280 ves-

89 2301 168 2333 trae
204 2292 466 2333 universitati
502 2292 766 2332 notificamus
801 2302 844 2333 et
880 2292 1127 2333 deducimus
1150 2308 1226 2347 per
1249 2307 1496 2347 praesenteS.
1562 2298 1611 2339 In

88 2365 266 2405 quorum
291 2349 479 2390 omnium
503 2359 546 2390 et
566 2350 825 2405 singulorum
860 2350 1142 2390 testimonium
1167 2360 1208 2391 et
1231 2352 1359 2392 fidem
1389 2355 1615 2406 premisso-

88 2423 181 2450 rum
206 2417 419 2462 presentes
449 2407 591 2448 literas
630 2417 792 2448 nostras
825 2408 911 2448 sive
935 2422 1101 2461 presens
1125 2408 1338 2462 publicum
1361 2409 1613 2454 instrumen-

93 2477 182 2507 tum
206 2466 318 2506 dicta
349 2474 392 2506 et
424 2465 716 2519 deposiciones
739 2465 1010 2519 praefatorum
1031 2465 1199 2506 testium
1223 2467 1503 2519 continentes,
1527 2471 1614 2514 sive

90 2523 322 2573 continens,
358 2523 512 2564 exinde
549 2522 656 2572 fieri,
693 2532 734 2563 et
767 2538 845 2578 per
866 2522 1104 2563 Johannem
1140 2524 1379 2581 Berehalgh
1401 2528 1613 2571 notarium

89 2581 321 2636 publicum,
347 2591 532 2622 nostrum
556 2580 596 2620 in
631 2581 708 2621 hac
727 2589 844 2635 parte
865 2579 1057 2628 scribam,
1081 2581 1376 2635 subscriptum,
1402 2599 1484 2625 una
1515 2601 1611 2628 cum

90 2641 217 2693 signis
250 2649 292 2681 et
322 2639 705 2693 subscripcionibus
739 2640 1033 2693 magistrorum
1072 2639 1242 2680 Ricardi
1271 2640 1448 2697 Prentys
1476 2652 1517 2683 et
1541 2645 1616 2686 .Ῐο-

91 2697 240 2738 hannis
267 2698 519 2747 Ruukhorn,
545 2696 800 2737 notariorum
826 2696 1103 2749 publicorum,
1120 2697 1323 2738 subscribi
1343 2709 1383 2739 et
1407 2701 1612 2754 publicari

90 2755 392 2806 mandavimuS,
430 2766 752 2809 nostrorumque
795 2754 1026 2808 sigillorum
1067 2756 1264 2809 jussimus
1288 2758 1613 2810 appensionibus
