<?xml version="1.0" encoding="UTF-8"?>
<!DOCTYPE html PUBLIC "-//W3C//DTD XHTML 1.0 Transitional//EN"
    "http://www.w3.org/TR/xhtml1/DTD/xhtml1-transitional.dtd">
<html xmlns="http://www.w3.org/1999/xhtml" xml:lang="en" lang="en">
 <head>
  <title>
</title>
<meta http-equiv="Content-Type" content="text/html;charset=utf-8" />
  <meta name='ocr-system' content='tesseract 3.04.00' />
  <meta name='ocr-capabilities' content='ocr_page ocr_carea ocr_par ocr_line ocrx_word'/>
</head>
<body>
  <div class='ocr_page' id='page_1' title='image "./historiaedunelme00gauf_0169.png"; bbox 0 0 1807 2962; ppageno 0'>
   <div class='ocr_carea' id='block_1_1' title="bbox 1558 94 1610 113">
    <p class='ocr_par' dir='ltr' id='par_1_1' title="bbox 1558 94 1610 113">
     <span class='ocr_line' id='line_1_1' title="bbox 1558 94 1610 113; baseline -0.038 0"><span class='ocrx_word' id='word_1_1' title='bbox 1558 94 1610 113; x_wconf 47' lang='grc' dir='ltr'>θ’]</span> 
     </span>
    </p>
   </div>
   <div class='ocr_carea' id='block_1_2' title="bbox 478 96 1609 144">
    <p class='ocr_par' dir='ltr' id='par_1_2' title="bbox 478 96 1609 144">
     <span class='ocr_line' id='line_1_2' title="bbox 478 96 1609 144; baseline -0.006 0"><span class='ocrx_word' id='word_1_2' title='bbox 478 98 740 144; x_wconf 73' lang='lat' dir='ltr'>itossnu&#39;Tus</span> <span class='ocrx_word' id='word_1_3' title='bbox 780 111 846 142; x_wconf 80' lang='lat' dir='ltr'>DE</span> <span class='ocrx_word' id='word_1_4' title='bbox 885 108 1227 141; x_wconf 73' lang='lat' dir='ltr'>GuAYsTANEs.</span> <span class='ocrx_word' id='word_1_5' title='bbox 1521 96 1609 140; x_wconf 65' lang='lat' dir='ltr'>li)</span> 
     </span>
    </p>
   </div>
   <div class='ocr_carea' id='block_1_3' title="bbox 13 215 1601 2793">
    <p class='ocr_par' dir='ltr' id='par_1_3' title="bbox 13 215 1601 2756">
     <span class='ocr_line' id='line_1_3' title="bbox 13 215 1597 296; baseline -0.002 -33"><span class='ocrx_word' id='word_1_6' title='bbox 13 222 39 296; x_wconf 75' lang='lat'>[</span> <span class='ocrx_word' id='word_1_7' title='bbox 68 224 166 277; x_wconf 86' lang='lat' dir='ltr'>jure</span> <span class='ocrx_word' id='word_1_8' title='bbox 198 223 337 275; x_wconf 84' lang='lat' dir='ltr'>potuit</span> <span class='ocrx_word' id='word_1_9' title='bbox 367 228 441 261; x_wconf 88' lang='lat' dir='ltr'>aut</span> <span class='ocrx_word' id='word_1_10' title='bbox 470 217 679 274; x_wconf 81' lang='lat' dir='ltr'>compelli.</span> <span class='ocrx_word' id='word_1_11' title='bbox 746 216 979 258; x_wconf 81' lang='lat' dir='ltr'>Notifica&#39;ta</span> <span class='ocrx_word' id='word_1_12' title='bbox 999 225 1064 257; x_wconf 87' lang='lat' dir='ltr'>est</span> <span class='ocrx_word' id='word_1_13' title='bbox 1085 215 1176 257; x_wconf 82' lang='lat' dir='ltr'>haee</span> <span class='ocrx_word' id='word_1_14' title='bbox 1199 216 1436 271; x_wconf 74' lang='lat' dir='ltr'>appellaci&#39;o</span> <span class='ocrx_word' id='word_1_15' title='bbox 1462 218 1597 260; x_wconf 81' lang='lat' dir='ltr'>Priori</span> 
     </span>
     <span class='ocr_line' id='line_1_4' title="bbox 76 273 1600 327; baseline -0.003 -6"><span class='ocrx_word' id='word_1_16' title='bbox 76 280 117 321; x_wconf 88' lang='lat' dir='ltr'>in</span> <span class='ocrx_word' id='word_1_17' title='bbox 148 278 325 321; x_wconf 87' lang='lat' dir='ltr'>ecclesia</span> <span class='ocrx_word' id='word_1_18' title='bbox 358 273 651 325; x_wconf 89' lang='lat' dir='ltr'>Dunelmensi,</span> <span class='ocrx_word' id='word_1_19' title='bbox 684 275 753 317; x_wconf 85' lang='lat' dir='ltr'>die</span> <span class='ocrx_word' id='word_1_20' title='bbox 774 274 908 315; x_wconf 89' lang='lat' dir='ltr'>sancti</span> <span class='ocrx_word' id='word_1_21' title='bbox 931 273 972 314; x_wconf 90' lang='lat' dir='ltr'>T</span> <span class='ocrx_word' id='word_1_22' title='bbox 977 274 1114 315; x_wconf 83' lang='lat' dir='ltr'>homae</span> <span class='ocrx_word' id='word_1_23' title='bbox 1141 274 1470 327; x_wconf 63' lang='lat' dir='ltr'>Cantuarien‘siS,</span> <span class='ocrx_word' id='word_1_24' title='bbox 1495 275 1600 316; x_wconf 71' lang='lat' dir='ltr'>infra</span> 
     </span>
     <span class='ocr_line' id='line_1_5' title="bbox 76 329 1598 390; baseline -0.003 -12"><span class='ocrx_word' id='word_1_25' title='bbox 76 336 244 386; x_wconf 87' lang='lat' dir='ltr'>Natale,</span> <span class='ocrx_word' id='word_1_26' title='bbox 269 336 375 377; x_wconf 86' lang='lat' dir='ltr'>hora</span> <span class='ocrx_word' id='word_1_27' title='bbox 396 349 562 390; x_wconf 86' lang='lat' dir='ltr'>magnae</span> <span class='ocrx_word' id='word_1_28' title='bbox 586 333 736 383; x_wconf 87' lang='lat' dir='ltr'>missae,</span> <span class='ocrx_word' id='word_1_29' title='bbox 759 347 873 373; x_wconf 90' lang='lat' dir='ltr'>anno</span> <span class='ocrx_word' id='word_1_30' title='bbox 895 331 1166 386; x_wconf 87' lang='lat' dir='ltr'>supradicto;</span> <span class='ocrx_word' id='word_1_31' title='bbox 1194 331 1264 372; x_wconf 87' lang='lat' dir='ltr'>ubi</span> <span class='ocrx_word' id='word_1_32' title='bbox 1291 329 1427 382; x_wconf 87' lang='lat' dir='ltr'>Prior,</span> <span class='ocrx_word' id='word_1_33' title='bbox 1451 347 1598 373; x_wconf 82' lang='lat' dir='ltr'>accen—</span> 
     </span>
     <span class='ocr_line' id='line_1_6' title="bbox 72 389 1598 444; baseline -0.003 -8"><span class='ocrx_word' id='word_1_34' title='bbox 72 395 127 436; x_wconf 89' lang='lat' dir='ltr'>sis</span> <span class='ocrx_word' id='word_1_35' title='bbox 149 393 350 444; x_wconf 83' lang='lat' dir='ltr'>candelis,</span> <span class='ocrx_word' id='word_1_36' title='bbox 372 393 418 434; x_wconf 92' lang='lat' dir='ltr'>in</span> <span class='ocrx_word' id='word_1_37' title='bbox 439 392 535 434; x_wconf 87' lang='lat' dir='ltr'>navi</span> <span class='ocrx_word' id='word_1_38' title='bbox 549 391 752 440; x_wconf 83' lang='lat' dir='ltr'>ecclesiae,</span> <span class='ocrx_word' id='word_1_39' title='bbox 776 405 874 431; x_wconf 89' lang='lat' dir='ltr'>eum</span> <span class='ocrx_word' id='word_1_40' title='bbox 891 389 1277 431; x_wconf 75' lang='lat' dir='ltr'>excommunicavit</span> <span class='ocrx_word' id='word_1_41' title='bbox 1297 400 1392 430; x_wconf 80' lang='lat' dir='ltr'>cum‘</span> <span class='ocrx_word' id='word_1_42' title='bbox 1410 405 1598 432; x_wconf 89' lang='lat' dir='ltr'>commu-</span> 
     </span>
     <span class='ocr_line' id='line_1_7' title="bbox 72 446 1598 503; baseline -0.002 -10"><span class='ocrx_word' id='word_1_43' title='bbox 72 451 323 502; x_wconf 82' lang='lat' dir='ltr'>nicantibuS,</span> <span class='ocrx_word' id='word_1_44' title='bbox 356 449 771 493; x_wconf 86' lang='lat' dir='ltr'>excommunicatum</span> <span class='ocrx_word' id='word_1_45' title='bbox 810 446 1123 503; x_wconf 79' lang='lat' dir='ltr'>pronunciavit.</span> <span class='ocrx_word' id='word_1_46' title='bbox 1188 448 1432 502; x_wconf 82' lang='lat' dir='ltr'><strong>Antequam</strong></span> <span class='ocrx_word' id='word_1_47' title='bbox 1457 457 1598 490; x_wconf 84' lang='lat' dir='ltr'>tamen</span> 
     </span>
     <span class='ocr_line' id='line_1_8' title="bbox 71 504 1598 561; baseline -0.002 -10"><span class='ocrx_word' id='word_1_48' title='bbox 71 509 364 552; x_wconf 88' lang='lat' dir='ltr'>notificaretur</span> <span class='ocrx_word' id='word_1_49' title='bbox 390 507 525 549; x_wconf 91' lang='lat' dir='ltr'>Priori</span> <span class='ocrx_word' id='word_1_50' title='bbox 547 507 639 547; x_wconf 86' lang='lat' dir='ltr'>haec</span> <span class='ocrx_word' id='word_1_51' title='bbox 660 504 905 561; x_wconf 82' lang='lat' dir='ltr'>appellatio,</span> <span class='ocrx_word' id='word_1_52' title='bbox 929 504 1153 559; x_wconf 78' lang='lat' dir='ltr'>scripserat</span> <span class='ocrx_word' id='word_1_53' title='bbox 1179 504 1316 546; x_wconf 88' lang='lat' dir='ltr'>Priori</span> <span class='ocrx_word' id='word_1_54' title='bbox 1338 515 1382 546; x_wconf 89' lang='lat' dir='ltr'>et</span> <span class='ocrx_word' id='word_1_55' title='bbox 1402 506 1506 557; x_wconf 84' lang='lat' dir='ltr'>aliis,</span> <span class='ocrx_word' id='word_1_56' title='bbox 1530 522 1598 548; x_wconf 86' lang='lat' dir='ltr'>ro-</span> 
     </span>
     <span class='ocr_line' id='line_1_9' title="bbox 69 562 1599 622; baseline -0.001 -13"><span class='ocrx_word' id='word_1_57' title='bbox 69 581 173 622; x_wconf 83' lang='lat' dir='ltr'>gans</span> <span class='ocrx_word' id='word_1_58' title='bbox 188 576 233 608; x_wconf 92' lang='lat' dir='ltr'>ut</span> <span class='ocrx_word' id='word_1_59' title='bbox 251 565 470 608; x_wconf 84' lang='lat' dir='ltr'>licenciam</span> <span class='ocrx_word' id='word_1_60' title='bbox 484 578 727 606; x_wconf 83' lang='lat' dir='ltr'>concessam</span> <span class='ocrx_word' id='word_1_61' title='bbox 741 572 877 604; x_wconf 86' lang='lat' dir='ltr'>ratam</span> <span class='ocrx_word' id='word_1_62' title='bbox 892 562 1083 611; x_wconf 86' lang='lat' dir='ltr'>haberet,</span> <span class='ocrx_word' id='word_1_63' title='bbox 1103 571 1147 603; x_wconf 89' lang='lat' dir='ltr'>et</span> <span class='ocrx_word' id='word_1_64' title='bbox 1159 562 1301 603; x_wconf 84' lang='lat' dir='ltr'>literas</span> <span class='ocrx_word' id='word_1_65' title='bbox 1316 565 1599 607; x_wconf 82' lang='lat' dir='ltr'>revocatorias</span> 
     </span>
     <span class='ocr_line' id='line_1_10' title="bbox 69 619 1596 677; baseline -0.002 -9"><span class='ocrx_word' id='word_1_66' title='bbox 69 624 322 674; x_wconf 70' lang='lat' dir='ltr'>adnullaret,</span> <span class='ocrx_word' id='word_1_67' title='bbox 341 628 385 665; x_wconf 79' lang='lat' dir='ltr'>e&#39;t</span> <span class='ocrx_word' id='word_1_68' title='bbox 414 623 474 665; x_wconf 82' lang='lat' dir='ltr'>sic</span> <span class='ocrx_word' id='word_1_69' title='bbox 504 626 654 664; x_wconf 79' lang='lat' dir='ltr'>contra</span> <span class='ocrx_word' id='word_1_70' title='bbox 673 620 887 663; x_wconf 89' lang='lat' dir='ltr'>neminem</span> <span class='ocrx_word' id='word_1_71' title='bbox 910 619 1069 676; x_wconf 91' lang='lat' dir='ltr'>aliquid</span> <span class='ocrx_word' id='word_1_72' title='bbox 1090 620 1133 660; x_wconf 92' lang='lat' dir='ltr'>in</span> <span class='ocrx_word' id='word_1_73' title='bbox 1158 620 1290 661; x_wconf 86' lang='lat' dir='ltr'>Curia</span> <span class='ocrx_word' id='word_1_74' title='bbox 1310 629 1596 677; x_wconf 82' lang='lat' dir='ltr'>attemptaret,</span> 
     </span>
     <span class='ocr_line' id='line_1_11' title="bbox 70 677 1600 736; baseline -0.001 -12"><span class='ocrx_word' id='word_1_75' title='bbox 70 682 148 725; x_wconf 91' lang='lat' dir='ltr'>sed</span> <span class='ocrx_word' id='word_1_76' title='bbox 180 681 215 724; x_wconf 90' lang='lat' dir='ltr'>si</span> <span class='ocrx_word' id='word_1_77' title='bbox 251 682 398 731; x_wconf 88' lang='lat' dir='ltr'>nollet,</span> <span class='ocrx_word' id='word_1_78' title='bbox 419 695 500 736; x_wconf 91' lang='lat' dir='ltr'>pro</span> <span class='ocrx_word' id='word_1_79' title='bbox 536 679 654 721; x_wconf 85' lang='lat' dir='ltr'>nullo</span> <span class='ocrx_word' id='word_1_80' title='bbox 685 678 931 727; x_wconf 81' lang='lat' dir='ltr'>dimitteret,</span> <span class='ocrx_word' id='word_1_81' title='bbox 953 678 1057 733; x_wconf 85' lang='lat' dir='ltr'>quin</span> <span class='ocrx_word' id='word_1_82' title='bbox 1088 677 1205 733; x_wconf 83' lang='lat' dir='ltr'>qu‘o&#39;d</span> <span class='ocrx_word' id='word_1_83' title='bbox 1235 678 1496 732; x_wconf 80' lang='lat' dir='ltr'>cogitaverat</span> <span class='ocrx_word' id='word_1_84' title='bbox 1526 696 1600 723; x_wconf 82' lang='lat' dir='ltr'>ex-</span> 
     </span>
     <span class='ocr_line' id='line_1_12' title="bbox 69 735 1598 796; baseline -0.001 -14"><span class='ocrx_word' id='word_1_85' title='bbox 69 748 309 796; x_wconf 88' lang='lat' dir='ltr'>equeretur.</span> <span class='ocrx_word' id='word_1_86' title='bbox 374 737 551 793; x_wconf 80' lang='lat' dir='ltr'>Scripsit</span> <span class='ocrx_word' id='word_1_87' title='bbox 580 737 708 779; x_wconf 82' lang='lat' dir='ltr'>etiam</span> <span class='ocrx_word' id='word_1_88' title='bbox 731 735 1023 777; x_wconf 82' lang='lat' dir='ltr'>communitati</span> <span class='ocrx_word' id='word_1_89' title='bbox 1051 735 1319 791; x_wconf 86' lang='lat' dir='ltr'>episcopatus</span> <span class='ocrx_word' id='word_1_90' title='bbox 1359 748 1512 792; x_wconf 81' lang='lat' dir='ltr'>rogans</span> <span class='ocrx_word' id='word_1_91' title='bbox 1546 749 1598 781; x_wconf 70' lang='lat' dir='ltr'>ne·</span> 
     </span>
     <span class='ocr_line' id='line_1_13' title="bbox 68 792 1600 851; baseline -0.001 -12"><span class='ocrx_word' id='word_1_92' title='bbox 68 797 235 839; x_wconf 90' lang='lat' dir='ltr'>sinistra</span> <span class='ocrx_word' id='word_1_93' title='bbox 270 798 324 839; x_wconf 88' lang='lat' dir='ltr'>de</span> <span class='ocrx_word' id='word_1_94' title='bbox 357 811 410 837; x_wconf 89' lang='lat' dir='ltr'>eo</span> <span class='ocrx_word' id='word_1_95' title='bbox 440 795 676 845; x_wconf 84' lang='lat' dir='ltr'>crederent,</span> <span class='ocrx_word' id='word_1_96' title='bbox 699 795 799 851; x_wconf 88' lang='lat' dir='ltr'>quia</span> <span class='ocrx_word' id='word_1_97' title='bbox 829 794 883 834; x_wconf 91' lang='lat' dir='ltr'>ad</span> <span class='ocrx_word' id='word_1_98' title='bbox 915 792 1140 834; x_wconf 81' lang='lat' dir='ltr'>utilitatem</span> <span class='ocrx_word' id='word_1_99' title='bbox 1166 793 1373 843; x_wconf 77' lang='lat' dir='ltr'>ecclesiae,</span> <span class='ocrx_word' id='word_1_100' title='bbox 1398 796 1452 837; x_wconf 88' lang='lat' dir='ltr'>ad</span> <span class='ocrx_word' id='word_1_101' title='bbox 1475 797 1600 838; x_wconf 85' lang='lat' dir='ltr'>redu-</span> 
     </span>
     <span class='ocr_line' id='line_1_14' title="bbox 68 850 1596 909; baseline 0.001 -13"><span class='ocrx_word' id='word_1_102' title='bbox 68 856 254 897; x_wconf 88' lang='lat' dir='ltr'>cendum</span> <span class='ocrx_word' id='word_1_103' title='bbox 293 854 620 909; x_wconf 80' lang='lat' dir='ltr'>hospitalitatem</span> <span class='ocrx_word' id='word_1_104' title='bbox 663 864 703 893; x_wconf 87' lang='lat' dir='ltr'>et</span> <span class='ocrx_word' id='word_1_105' title='bbox 740 850 991 894; x_wconf 84' lang='lat' dir='ltr'>elemosinas</span> <span class='ocrx_word' id='word_1_106' title='bbox 1031 860 1268 902; x_wconf 87' lang='lat' dir='ltr'>consuetas,</span> <span class='ocrx_word' id='word_1_107' title='bbox 1311 852 1422 895; x_wconf 84' lang='lat' dir='ltr'>dixit</span> <span class='ocrx_word' id='word_1_108' title='bbox 1461 869 1505 896; x_wconf 90' lang='lat' dir='ltr'>se</span> <span class='ocrx_word' id='word_1_109' title='bbox 1545 857 1596 897; x_wconf 84' lang='lat' dir='ltr'>ad</span> 
     </span>
     <span class='ocr_line' id='line_1_15' title="bbox 70 908 1598 968; baseline -0.001 -14"><span class='ocrx_word' id='word_1_110' title='bbox 70 912 244 955; x_wconf 86' lang='lat' dir='ltr'>Curiam</span> <span class='ocrx_word' id='word_1_111' title='bbox 265 912 431 956; x_wconf 83' lang='lat' dir='ltr'>adiisse.</span> <span class='ocrx_word' id='word_1_112' title='bbox 499 909 692 952; x_wconf 83' lang='lat' dir='ltr'>Adhaesit</span> <span class='ocrx_word' id='word_1_113' title='bbox 727 910 858 965; x_wconf 72' lang='lat' dir='ltr'>igitur</span> <span class='ocrx_word' id='word_1_114' title='bbox 890 908 961 950; x_wconf 92' lang='lat' dir='ltr'>uni</span> <span class='ocrx_word' id='word_1_115' title='bbox 998 908 1214 951; x_wconf 86' lang='lat' dir='ltr'>Cardinali</span> <span class='ocrx_word' id='word_1_116' title='bbox 1256 910 1299 950; x_wconf 92' lang='lat' dir='ltr'>in</span> <span class='ocrx_word' id='word_1_117' title='bbox 1343 911 1485 960; x_wconf 87' lang='lat' dir='ltr'>Curia,</span> <span class='ocrx_word' id='word_1_118' title='bbox 1524 929 1598 968; x_wconf 76' lang='lat' dir='ltr'>per</span> 
     </span>
     <span class='ocr_line' id='line_1_16' title="bbox 68 967 1597 1027; baseline 0 -15"><span class='ocrx_word' id='word_1_119' title='bbox 68 986 196 1027; x_wconf 90' lang='lat' dir='ltr'>quem</span> <span class='ocrx_word' id='word_1_120' title='bbox 229 970 377 1011; x_wconf 90' lang='lat' dir='ltr'>habuit</span> <span class='ocrx_word' id='word_1_121' title='bbox 398 969 633 1024; x_wconf 85' lang='lat' dir='ltr'>ingressum</span> <span class='ocrx_word' id='word_1_122' title='bbox 655 967 710 1009; x_wconf 89' lang='lat' dir='ltr'>ad</span> <span class='ocrx_word' id='word_1_123' title='bbox 735 968 908 1022; x_wconf 83' lang='lat' dir='ltr'>Papam,</span> <span class='ocrx_word' id='word_1_124' title='bbox 932 976 976 1008; x_wconf 88' lang='lat' dir='ltr'>et</span> <span class='ocrx_word' id='word_1_125' title='bbox 993 974 1248 1023; x_wconf 82' lang='lat' dir='ltr'>conquestus</span> <span class='ocrx_word' id='word_1_126' title='bbox 1270 977 1334 1010; x_wconf 88' lang='lat' dir='ltr'>est</span> <span class='ocrx_word' id='word_1_127' title='bbox 1354 970 1409 1010; x_wconf 85' lang='lat' dir='ltr'>de</span> <span class='ocrx_word' id='word_1_128' title='bbox 1449 970 1597 1013; x_wconf 85' lang='lat' dir='ltr'>Priore</span> 
     </span>
     <span class='ocr_line' id='line_1_17' title="bbox 69 1024 1598 1081; baseline 0.001 -12"><span class='ocrx_word' id='word_1_129' title='bbox 69 1044 161 1078; x_wconf 90' lang='lat' dir='ltr'>suo,</span> <span class='ocrx_word' id='word_1_130' title='bbox 194 1028 351 1078; x_wconf 89' lang='lat' dir='ltr'>dicens,</span> <span class='ocrx_word' id='word_1_131' title='bbox 389 1042 486 1069; x_wconf 90' lang='lat' dir='ltr'>eum</span> <span class='ocrx_word' id='word_1_132' title='bbox 518 1026 858 1081; x_wconf 87' lang='lat' dir='ltr'>dilapidatorem,</span> <span class='ocrx_word' id='word_1_133' title='bbox 882 1024 1041 1066; x_wconf 84' lang='lat' dir='ltr'>ordinis</span> <span class='ocrx_word' id='word_1_134' title='bbox 1068 1025 1377 1080; x_wconf 86' lang='lat' dir='ltr'>dissipatorem,</span> <span class='ocrx_word' id='word_1_135' title='bbox 1411 1037 1454 1069; x_wconf 88' lang='lat' dir='ltr'>et</span> <span class='ocrx_word' id='word_1_136' title='bbox 1476 1031 1598 1070; x_wconf 85' lang='lat' dir='ltr'>variis</span> 
     </span>
     <span class='ocr_line' id='line_1_18' title="bbox 68 1082 1598 1142; baseline 0.001 -16"><span class='ocrx_word' id='word_1_137' title='bbox 68 1085 314 1127; x_wconf 86' lang='lat' dir='ltr'>criminibus</span> <span class='ocrx_word' id='word_1_138' title='bbox 355 1084 595 1133; x_wconf 85' lang='lat' dir='ltr'>irretitum3</span> <span class='ocrx_word' id='word_1_139' title='bbox 653 1093 697 1125; x_wconf 92' lang='lat' dir='ltr'>et</span> <span class='ocrx_word' id='word_1_140' title='bbox 738 1083 925 1138; x_wconf 84' lang='lat' dir='ltr'>optinuit</span> <span class='ocrx_word' id='word_1_141' title='bbox 963 1082 1215 1138; x_wconf 89' lang='lat' dir='ltr'>rescriptum</span> <span class='ocrx_word' id='word_1_142' title='bbox 1256 1085 1310 1125; x_wconf 87' lang='lat' dir='ltr'>ad</span> <span class='ocrx_word' id='word_1_143' title='bbox 1352 1085 1598 1142; x_wconf 81' lang='lat' dir='ltr'>episcopum</span> 
     </span>
     <span class='ocr_line' id='line_1_19' title="bbox 69 1140 1597 1198; baseline 0.001 -13"><span class='ocrx_word' id='word_1_144' title='bbox 69 1143 423 1193; x_wconf 79' lang='lat' dir='ltr'>Dunelniensem,</span> <span class='ocrx_word' id='word_1_145' title='bbox 466 1141 522 1183; x_wconf 81' lang='lat' dir='ltr'>ad</span> <span class='ocrx_word' id='word_1_146' title='bbox 561 1141 857 1198; x_wconf 89' lang='lat' dir='ltr'>inquirendum</span> <span class='ocrx_word' id='word_1_147' title='bbox 908 1152 1035 1195; x_wconf 84' lang='lat' dir='ltr'>super</span> <span class='ocrx_word' id='word_1_148' title='bbox 1075 1140 1169 1190; x_wconf 85' lang='lat' dir='ltr'>hiis,</span> <span class='ocrx_word' id='word_1_149' title='bbox 1203 1150 1246 1183; x_wconf 85' lang='lat' dir='ltr'>et</span> <span class='ocrx_word' id='word_1_150' title='bbox 1285 1143 1597 1197; x_wconf 83' lang='lat' dir='ltr'>corrigendum,</span> 
     </span>
     <span class='ocr_line' id='line_1_20' title="bbox 67 1198 1601 1258; baseline 0.002 -16"><span class='ocrx_word' id='word_1_151' title='bbox 67 1201 185 1258; x_wconf 93' lang='lat' dir='ltr'>quod</span> <span class='ocrx_word' id='word_1_152' title='bbox 234 1210 374 1255; x_wconf 88' lang='lat' dir='ltr'>posset</span> <span class='ocrx_word' id='word_1_153' title='bbox 408 1200 647 1256; x_wconf 81' lang='lat' dir='ltr'>Episcopus</span> <span class='ocrx_word' id='word_1_154' title='bbox 682 1198 823 1240; x_wconf 86' lang='lat' dir='ltr'>facere</span> <span class='ocrx_word' id='word_1_155' title='bbox 856 1198 1108 1239; x_wconf 85' lang='lat' dir='ltr'>auctoritate</span> <span class='ocrx_word' id='word_1_156' title='bbox 1141 1200 1313 1254; x_wconf 87' lang='lat' dir='ltr'>propria</span> <span class='ocrx_word' id='word_1_157' title='bbox 1360 1202 1436 1242; x_wconf 85' lang='lat' dir='ltr'>etsi</span> <span class='ocrx_word' id='word_1_158' title='bbox 1482 1203 1601 1258; x_wconf 79' lang='lat' dir='ltr'>Papa</span> 
     </span>
     <span class='ocr_line' id='line_1_21' title="bbox 67 1255 1597 1312; baseline 0.002 -13"><span class='ocrx_word' id='word_1_159' title='bbox 67 1267 155 1300; x_wconf 90' lang='lat' dir='ltr'>non</span> <span class='ocrx_word' id='word_1_160' title='bbox 192 1259 448 1300; x_wconf 85' lang='lat' dir='ltr'>mandasset.</span> <span class='ocrx_word' id='word_1_161' title='bbox 497 1257 768 1312; x_wconf 87' lang='lat' dir='ltr'>Scripserunt</span> <span class='ocrx_word' id='word_1_162' title='bbox 802 1265 939 1297; x_wconf 89' lang='lat' dir='ltr'>tamen</span> <span class='ocrx_word' id='word_1_163' title='bbox 977 1270 1054 1310; x_wconf 90' lang='lat' dir='ltr'>pro</span> <span class='ocrx_word' id='word_1_164' title='bbox 1090 1255 1251 1306; x_wconf 80' lang='lat' dir='ltr'>Priore,</span> <span class='ocrx_word' id='word_1_165' title='bbox 1293 1258 1401 1308; x_wconf 71' lang='lat' dir='ltr'>Rex,</span> <span class='ocrx_word' id='word_1_166' title='bbox 1446 1260 1597 1302; x_wconf 68' lang='lat' dir='ltr'>Archi—</span> 
     </span>
     <span class='ocr_line' id='line_1_22' title="bbox 68 1313 1599 1373; baseline 0.002 -16"><span class='ocrx_word' id='word_1_167' title='bbox 68 1316 290 1371; x_wconf 79' lang='lat' dir='ltr'>episcopu&#39;s</span> <span class='ocrx_word' id='word_1_168' title='bbox 327 1314 616 1364; x_wconf 86' lang='lat' dir='ltr'>Eboracensis,</span> <span class='ocrx_word' id='word_1_169' title='bbox 650 1314 872 1369; x_wconf 84' lang='lat' dir='ltr'>episcopus</span> <span class='ocrx_word' id='word_1_170' title='bbox 907 1313 1223 1364; x_wconf 84' lang='lat' dir='ltr'>DunelmensiS,</span> <span class='ocrx_word' id='word_1_171' title='bbox 1258 1324 1406 1357; x_wconf 83' lang='lat' dir='ltr'>contra</span> <span class='ocrx_word' id='word_1_172' title='bbox 1427 1333 1599 1373; x_wconf 80' lang='lat' dir='ltr'>sugges-</span> 
     </span>
     <span class='ocr_line' id='line_1_23' title="bbox 70 1370 1597 1425; baseline 0.002 -10"><span class='ocrx_word' id='word_1_173' title='bbox 70 1375 205 1415; x_wconf 81' lang='lat' dir='ltr'>tiones</span> <span class='ocrx_word' id='word_1_174' title='bbox 247 1373 419 1415; x_wconf 87' lang='lat' dir='ltr'>alterius</span> <span class='ocrx_word' id='word_1_175' title='bbox 461 1372 627 1414; x_wconf 83' lang='lat' dir='ltr'>veritati</span> <span class='ocrx_word' id='word_1_176' title='bbox 669 1371 957 1413; x_wconf 81' lang='lat' dir='ltr'>testimonium</span> <span class='ocrx_word' id='word_1_177' title='bbox 999 1370 1283 1425; x_wconf 80' lang='lat' dir='ltr'>perhibentes.</span> <span class='ocrx_word' id='word_1_178' title='bbox 1370 1373 1597 1418; x_wconf 80' lang='lat' dir='ltr'>Nitebatur</span> 
     </span>
     <span class='ocr_line' id='line_1_24' title="bbox 68 1429 1599 1487; baseline 0.003 -15"><span class='ocrx_word' id='word_1_179' title='bbox 68 1436 211 1473; x_wconf 78' lang='lat' dir='ltr'>tamen</span> <span class='ocrx_word' id='word_1_180' title='bbox 246 1431 483 1487; x_wconf 86' lang='lat' dir='ltr'>Episcopus</span> <span class='ocrx_word' id='word_1_181' title='bbox 520 1445 618 1471; x_wconf 84' lang='lat' dir='ltr'>eum</span> <span class='ocrx_word' id='word_1_182' title='bbox 645 1429 778 1470; x_wconf 88' lang='lat' dir='ltr'>Priori</span> <span class='ocrx_word' id='word_1_183' title='bbox 803 1445 879 1470; x_wconf 84' lang='lat' dir='ltr'>suo</span> <span class='ocrx_word' id='word_1_184' title='bbox 901 1429 1030 1483; x_wconf 80' lang='lat' dir='ltr'>priori</span> <span class='ocrx_word' id='word_1_185' title='bbox 1053 1429 1338 1479; x_wconf 87' lang='lat' dir='ltr'>reconciliare,</span> <span class='ocrx_word' id='word_1_186' title='bbox 1363 1431 1519 1475; x_wconf 84' lang='lat' dir='ltr'>instans</span> <span class='ocrx_word' id='word_1_187' title='bbox 1554 1446 1599 1476; x_wconf 91' lang='lat' dir='ltr'>ut</span> 
     </span>
     <span class='ocr_line' id='line_1_25' title="bbox 68 1486 1598 1546; baseline 0.003 -16"><span class='ocrx_word' id='word_1_188' title='bbox 68 1489 157 1531; x_wconf 87' lang='lat' dir='ltr'>sine</span> <span class='ocrx_word' id='word_1_189' title='bbox 179 1504 307 1545; x_wconf 85' lang='lat' dir='ltr'>poena</span> <span class='ocrx_word' id='word_1_190' title='bbox 339 1489 457 1544; x_wconf 88' lang='lat' dir='ltr'>gravi</span> <span class='ocrx_word' id='word_1_191' title='bbox 490 1496 631 1543; x_wconf 85' lang='lat' dir='ltr'>posset</span> <span class='ocrx_word' id='word_1_192' title='bbox 650 1486 821 1529; x_wconf 86' lang='lat' dir='ltr'>reverti.</span> <span class='ocrx_word' id='word_1_193' title='bbox 890 1486 1013 1527; x_wconf 89' lang='lat' dir='ltr'>Prior</span> <span class='ocrx_word' id='word_1_194' title='bbox 1035 1501 1134 1528; x_wconf 89' lang='lat' dir='ltr'>vero</span> <span class='ocrx_word' id='word_1_195' title='bbox 1156 1488 1377 1543; x_wconf 85' lang='lat' dir='ltr'>respondit</span> <span class='ocrx_word' id='word_1_196' title='bbox 1398 1493 1514 1546; x_wconf 87' lang='lat' dir='ltr'>quod</span> <span class='ocrx_word' id='word_1_197' title='bbox 1535 1510 1598 1534; x_wconf 59' lang='lat' dir='ltr'>sem</span> 
     </span>
     <span class='ocr_line' id='line_1_26' title="bbox 68 1544 1596 1603; baseline 0.002 -15"><span class='ocrx_word' id='word_1_198' title='bbox 68 1548 254 1589; x_wconf 90' lang='lat' dir='ltr'>cundum</span> <span class='ocrx_word' id='word_1_199' title='bbox 290 1547 536 1603; x_wconf 84' lang='lat' dir='ltr'>qualitatem</span> <span class='ocrx_word' id='word_1_200' title='bbox 572 1544 842 1587; x_wconf 87' lang='lat' dir='ltr'>contricionis</span> <span class='ocrx_word' id='word_1_201' title='bbox 883 1553 927 1585; x_wconf 84' lang='lat' dir='ltr'>et</span> <span class='ocrx_word' id='word_1_202' title='bbox 967 1544 1271 1586; x_wconf 88' lang='lat' dir='ltr'>humiliationis</span> <span class='ocrx_word' id='word_1_203' title='bbox 1311 1562 1397 1588; x_wconf 76' lang='lat' dir='ltr'>suae</span> <span class='ocrx_word' id='word_1_204' title='bbox 1451 1549 1596 1592; x_wconf 73' lang='lat' dir='ltr'>uncins</span> 
     </span>
     <span class='ocr_line' id='line_1_27' title="bbox 68 1602 1597 1663; baseline 0.003 -18"><span class='ocrx_word' id='word_1_205' title='bbox 68 1620 211 1646; x_wconf 89' lang='lat' dir='ltr'>secum</span> <span class='ocrx_word' id='word_1_206' title='bbox 247 1613 409 1659; x_wconf 85' lang='lat' dir='ltr'>ageret,</span> <span class='ocrx_word' id='word_1_207' title='bbox 452 1603 567 1645; x_wconf 81' lang='lat' dir='ltr'>salva</span> <span class='ocrx_word' id='word_1_208' title='bbox 600 1603 643 1644; x_wconf 93' lang='lat' dir='ltr'>in</span> <span class='ocrx_word' id='word_1_209' title='bbox 676 1602 871 1643; x_wconf 86' lang='lat' dir='ltr'>omnibus</span> <span class='ocrx_word' id='word_1_210' title='bbox 902 1602 1062 1642; x_wconf 87' lang='lat' dir='ltr'>ordinis</span> <span class='ocrx_word' id='word_1_211' title='bbox 1090 1602 1325 1657; x_wconf 85' lang='lat' dir='ltr'>disciplina.</span> <span class='ocrx_word' id='word_1_212' title='bbox 1392 1606 1447 1647; x_wconf 87' lang='lat' dir='ltr'>Et</span> <span class='ocrx_word' id='word_1_213' title='bbox 1469 1623 1597 1663; x_wconf 89' lang='lat' dir='ltr'>super</span> 
     </span>
     <span class='ocr_line' id='line_1_28' title="bbox 68 1659 1596 1718; baseline 0.001 -15"><span class='ocrx_word' id='word_1_214' title='bbox 68 1663 151 1704; x_wconf 84' lang='lat' dir='ltr'>hoc</span> <span class='ocrx_word' id='word_1_215' title='bbox 173 1662 338 1717; x_wconf 84' lang='lat' dir='ltr'>scripsit</span> <span class='ocrx_word' id='word_1_216' title='bbox 358 1661 482 1703; x_wconf 84' lang='lat' dir='ltr'>Prior</span> <span class='ocrx_word' id='word_1_217' title='bbox 501 1660 689 1702; x_wconf 89' lang='lat' dir='ltr'>Johanni</span> <span class='ocrx_word' id='word_1_218' title='bbox 707 1659 903 1701; x_wconf 80' lang='lat' dir='ltr'>existenti</span> <span class='ocrx_word' id='word_1_219' title='bbox 927 1659 969 1700; x_wconf 91' lang='lat' dir='ltr'>in</span> <span class='ocrx_word' id='word_1_220' title='bbox 997 1660 1139 1704; x_wconf 85' lang='lat' dir='ltr'>Curia.</span> <span class='ocrx_word' id='word_1_221' title='bbox 1208 1661 1445 1718; x_wconf 82' lang='lat' dir='ltr'>Episcopus</span> <span class='ocrx_word' id='word_1_222' title='bbox 1467 1668 1596 1708; x_wconf 73' lang='lat' dir='ltr'>etiam</span> 
     </span>
     <span class='ocr_line' id='line_1_29' title="bbox 68 1717 1596 1775; baseline 0.003 -15"><span class='ocrx_word' id='word_1_223' title='bbox 68 1720 234 1775; x_wconf 89' lang='lat' dir='ltr'>scripsit</span> <span class='ocrx_word' id='word_1_224' title='bbox 267 1720 320 1770; x_wconf 90' lang='lat' dir='ltr'>ei,</span> <span class='ocrx_word' id='word_1_225' title='bbox 360 1733 535 1760; x_wconf 91' lang='lat' dir='ltr'>monens</span> <span class='ocrx_word' id='word_1_226' title='bbox 571 1728 616 1759; x_wconf 89' lang='lat' dir='ltr'>et</span> <span class='ocrx_word' id='word_1_227' title='bbox 652 1717 872 1759; x_wconf 84' lang='lat' dir='ltr'>consulens</span> <span class='ocrx_word' id='word_1_228' title='bbox 908 1726 955 1758; x_wconf 86' lang='lat' dir='ltr'>ut</span> <span class='ocrx_word' id='word_1_229' title='bbox 987 1718 1157 1768; x_wconf 87' lang='lat' dir='ltr'>rediret,</span> <span class='ocrx_word' id='word_1_230' title='bbox 1181 1720 1441 1774; x_wconf 85' lang='lat' dir='ltr'>adjutorium</span> <span class='ocrx_word' id='word_1_231' title='bbox 1473 1740 1596 1765; x_wconf 76' lang='lat' dir='ltr'>suuni</span> 
     </span>
     <span class='ocr_line' id='line_1_30' title="bbox 68 1775 1597 1837; baseline 0.003 -19"><span class='ocrx_word' id='word_1_232' title='bbox 68 1778 337 1833; x_wconf 87' lang='lat' dir='ltr'>promittens,</span> <span class='ocrx_word' id='word_1_233' title='bbox 362 1786 409 1818; x_wconf 92' lang='lat' dir='ltr'>ut</span> <span class='ocrx_word' id='word_1_234' title='bbox 430 1775 757 1817; x_wconf 86' lang='lat' dir='ltr'>misericorditer</span> <span class='ocrx_word' id='word_1_235' title='bbox 783 1776 1054 1830; x_wconf 76' lang='lat' dir='ltr'>reciperetur,</span> <span class='ocrx_word' id='word_1_236' title='bbox 1085 1785 1129 1817; x_wconf 91' lang='lat' dir='ltr'>et</span> <span class='ocrx_word' id='word_1_237' title='bbox 1150 1777 1347 1832; x_wconf 77' lang='lat' dir='ltr'>benigne.</span> <span class='ocrx_word' id='word_1_238' title='bbox 1411 1779 1597 1837; x_wconf 75' lang='lat' dir='ltr'>Propter</span> 
     </span>
     <span class='ocr_line' id='line_1_31' title="bbox 67 1832 1597 1890; baseline 0.004 -14"><span class='ocrx_word' id='word_1_239' title='bbox 67 1850 172 1890; x_wconf 85' lang='lat' dir='ltr'>ergo</span> <span class='ocrx_word' id='word_1_240' title='bbox 207 1834 462 1876; x_wconf 87' lang='lat' dir='ltr'>monitiones</span> <span class='ocrx_word' id='word_1_241' title='bbox 498 1833 616 1887; x_wconf 81' lang='lat' dir='ltr'>istas,</span> <span class='ocrx_word' id='word_1_242' title='bbox 639 1833 704 1874; x_wconf 91' lang='lat' dir='ltr'>vel</span> <span class='ocrx_word' id='word_1_243' title='bbox 739 1834 871 1887; x_wconf 85' lang='lat' dir='ltr'>magis</span> <span class='ocrx_word' id='word_1_244' title='bbox 901 1832 1016 1889; x_wconf 91' lang='lat' dir='ltr'>quod</span> <span class='ocrx_word' id='word_1_245' title='bbox 1050 1834 1205 1875; x_wconf 83' lang='lat' dir='ltr'>defecit</span> <span class='ocrx_word' id='word_1_246' title='bbox 1236 1837 1418 1890; x_wconf 82' lang='lat' dir='ltr'>pecunia</span> <span class='ocrx_word' id='word_1_247' title='bbox 1448 1839 1490 1880; x_wconf 87' lang='lat' dir='ltr'>in</span> <span class='ocrx_word' id='word_1_248' title='bbox 1518 1841 1597 1882; x_wconf 57' lang='lat' dir='ltr'>cisa</span> 
     </span>
     <span class='ocr_line' id='line_1_32' title="bbox 69 1891 1597 1947; baseline 0.003 -13"><span class='ocrx_word' id='word_1_249' title='bbox 69 1892 224 1943; x_wconf 90' lang='lat' dir='ltr'>tarciis,</span> <span class='ocrx_word' id='word_1_250' title='bbox 248 1892 374 1934; x_wconf 88' lang='lat' dir='ltr'>rediit</span> <span class='ocrx_word' id='word_1_251' title='bbox 403 1906 500 1933; x_wconf 91' lang='lat' dir='ltr'>cum</span> <span class='ocrx_word' id='word_1_252' title='bbox 520 1891 638 1932; x_wconf 88' lang='lat' dir='ltr'>bulla</span> <span class='ocrx_word' id='word_1_253' title='bbox 659 1906 747 1941; x_wconf 86' lang='lat' dir='ltr'>sua,</span> <span class='ocrx_word' id='word_1_254' title='bbox 771 1901 815 1931; x_wconf 91' lang='lat' dir='ltr'>et</span> <span class='ocrx_word' id='word_1_255' title='bbox 836 1900 1086 1947; x_wconf 81' lang='lat' dir='ltr'>quartanam</span> <span class='ocrx_word' id='word_1_256' title='bbox 1107 1892 1266 1934; x_wconf 87' lang='lat' dir='ltr'>habens</span> <span class='ocrx_word' id='word_1_257' title='bbox 1288 1894 1462 1947; x_wconf 80' lang='lat' dir='ltr'>febrem,</span> <span class='ocrx_word' id='word_1_258' title='bbox 1487 1913 1597 1940; x_wconf 88' lang='lat' dir='ltr'>anno</span> 
     </span>
     <span class='ocr_line' id='line_1_33' title="bbox 73 1948 1597 2004; baseline 0.004 -13"><span class='ocrx_word' id='word_1_259' title='bbox 73 1950 239 1991; x_wconf 86' lang='lat' dir='ltr'>Gratiae</span> <span class='ocrx_word' id='word_1_260' title='bbox 275 1960 394 1992; x_wconf 77' lang='lat' dir='ltr'>Mc&#39;cc</span> <span class='ocrx_word' id='word_1_261' title='bbox 431 1949 642 1991; x_wconf 86' lang='lat' dir='ltr'>tricesimo</span> <span class='ocrx_word' id='word_1_262' title='bbox 675 1949 878 1998; x_wconf 83' lang='lat' dir='ltr'>secundo,</span> <span class='ocrx_word' id='word_1_263' title='bbox 902 1948 945 1989; x_wconf 92' lang='lat' dir='ltr'>in</span> <span class='ocrx_word' id='word_1_264' title='bbox 984 1949 1241 2004; x_wconf 84' lang='lat' dir='ltr'>Septembri.</span> <span class='ocrx_word' id='word_1_265' title='bbox 1304 1952 1472 1995; x_wconf 81' lang='lat' dir='ltr'>Bullam</span> <span class='ocrx_word' id='word_1_266' title='bbox 1498 1971 1597 1997; x_wconf 87' lang='lat' dir='ltr'>vero</span> 
     </span>
     <span class='ocr_line' id='line_1_34' title="bbox 70 2006 1596 2063; baseline 0.005 -15"><span class='ocrx_word' id='word_1_267' title='bbox 70 2007 284 2063; x_wconf 90' lang='lat' dir='ltr'>Episcopo</span> <span class='ocrx_word' id='word_1_268' title='bbox 322 2007 510 2057; x_wconf 87' lang='lat' dir='ltr'>tradidit,</span> <span class='ocrx_word' id='word_1_269' title='bbox 533 2006 606 2063; x_wconf 93' lang='lat' dir='ltr'>qui</span> <span class='ocrx_word' id='word_1_270' title='bbox 632 2006 823 2048; x_wconf 83' lang='lat' dir='ltr'>Priorem</span> <span class='ocrx_word' id='word_1_271' title='bbox 857 2007 911 2047; x_wconf 87' lang='lat' dir='ltr'>ad</span> <span class='ocrx_word' id='word_1_272' title='bbox 948 2016 1087 2048; x_wconf 89' lang='lat' dir='ltr'>certos</span> <span class='ocrx_word' id='word_1_273' title='bbox 1119 2008 1233 2050; x_wconf 87' lang='lat' dir='ltr'>diem</span> <span class='ocrx_word' id='word_1_274' title='bbox 1251 2018 1293 2051; x_wconf 87' lang='lat' dir='ltr'>et</span> <span class='ocrx_word' id='word_1_275' title='bbox 1314 2010 1453 2054; x_wconf 87' lang='lat' dir='ltr'>locum</span> <span class='ocrx_word' id='word_1_276' title='bbox 1475 2014 1596 2056; x_wconf 85' lang='lat' dir='ltr'>citari</span> 
     </span>
     <span class='ocr_line' id='line_1_35' title="bbox 68 2063 1596 2126; baseline 0.006 -21"><span class='ocrx_word' id='word_1_277' title='bbox 68 2064 183 2116; x_wconf 87' lang='lat' dir='ltr'>fecit,</span> <span class='ocrx_word' id='word_1_278' title='bbox 207 2066 281 2108; x_wconf 90' lang='lat' dir='ltr'>sed</span> <span class='ocrx_word' id='word_1_279' title='bbox 311 2065 482 2107; x_wconf 88' lang='lat' dir='ltr'>interim</span> <span class='ocrx_word' id='word_1_280' title='bbox 512 2073 750 2106; x_wconf 89' lang='lat' dir='ltr'>tractarunt</span> <span class='ocrx_word' id='word_1_281' title='bbox 781 2063 1040 2119; x_wconf 82' lang='lat' dir='ltr'>episcopales</span> <span class='ocrx_word' id='word_1_282' title='bbox 1069 2080 1167 2107; x_wconf 88' lang='lat' dir='ltr'>cum</span> <span class='ocrx_word' id='word_1_283' title='bbox 1190 2067 1355 2118; x_wconf 88' lang='lat' dir='ltr'>Priore,</span> <span class='ocrx_word' id='word_1_284' title='bbox 1380 2074 1596 2126; x_wconf 80' lang='lat' dir='ltr'>quomodo</span> 
     </span>
     <span class='ocr_line' id='line_1_36' title="bbox 68 2122 1595 2183; baseline 0.004 -21"><span class='ocrx_word' id='word_1_285' title='bbox 68 2133 287 2165; x_wconf 87' lang='lat' dir='ltr'>mansuete</span> <span class='ocrx_word' id='word_1_286' title='bbox 320 2122 468 2164; x_wconf 89' lang='lat' dir='ltr'>reduci</span> <span class='ocrx_word' id='word_1_287' title='bbox 499 2131 655 2176; x_wconf 88' lang='lat' dir='ltr'>posset,</span> <span class='ocrx_word' id='word_1_288' title='bbox 690 2122 876 2163; x_wconf 80' lang='lat' dir='ltr'>maxime</span> <span class='ocrx_word' id='word_1_289' title='bbox 898 2122 998 2178; x_wconf 89' lang='lat' dir='ltr'>quia</span> <span class='ocrx_word' id='word_1_290' title='bbox 1028 2123 1263 2179; x_wconf 78' lang='lat' dir='ltr'>Episcopus</span> <span class='ocrx_word' id='word_1_291' title='bbox 1297 2125 1378 2168; x_wconf 89' lang='lat' dir='ltr'>hoc</span> <span class='ocrx_word' id='word_1_292' title='bbox 1410 2131 1595 2183; x_wconf 82' lang='lat' dir='ltr'>petebat.</span> 
     </span>
     <span class='ocr_line' id='line_1_37' title="bbox 71 2179 1598 2236; baseline 0.006 -16"><span class='ocrx_word' id='word_1_293' title='bbox 71 2179 312 2235; x_wconf 87' lang='lat' dir='ltr'>Respondit</span> <span class='ocrx_word' id='word_1_294' title='bbox 355 2179 479 2221; x_wconf 87' lang='lat' dir='ltr'>Prior</span> <span class='ocrx_word' id='word_1_295' title='bbox 511 2180 627 2236; x_wconf 88' lang='lat' dir='ltr'>quod</span> <span class='ocrx_word' id='word_1_296' title='bbox 670 2180 704 2221; x_wconf 89' lang='lat' dir='ltr'>si</span> <span class='ocrx_word' id='word_1_297' title='bbox 744 2179 873 2220; x_wconf 82' lang='lat' dir='ltr'>bullae</span> <span class='ocrx_word' id='word_1_298' title='bbox 913 2195 1002 2221; x_wconf 85' lang='lat' dir='ltr'>suae</span> <span class='ocrx_word' id='word_1_299' title='bbox 1043 2192 1085 2222; x_wconf 84' lang='lat' dir='ltr'>et</span> <span class='ocrx_word' id='word_1_300' title='bbox 1120 2185 1336 2236; x_wconf 74' lang='lat' dir='ltr'>processui</span> <span class='ocrx_word' id='word_1_301' title='bbox 1379 2189 1598 2230; x_wconf 79' lang='lat' dir='ltr'>renuncia-</span> 
     </span>
     <span class='ocr_line' id='line_1_38' title="bbox 66 2237 1599 2298; baseline 0.001 -20"><span class='ocrx_word' id='word_1_302' title='bbox 66 2247 146 2288; x_wconf 84' lang='lat' dir='ltr'>ret,</span> <span class='ocrx_word' id='word_1_303' title='bbox 170 2238 421 2280; x_wconf 85' lang='lat' dir='ltr'>correctioni</span> <span class='ocrx_word' id='word_1_304' title='bbox 445 2237 601 2279; x_wconf 89' lang='lat' dir='ltr'>Prioris</span> <span class='ocrx_word' id='word_1_305' title='bbox 632 2246 674 2279; x_wconf 92' lang='lat' dir='ltr'>et</span> <span class='ocrx_word' id='word_1_306' title='bbox 705 2237 879 2292; x_wconf 88' lang='lat' dir='ltr'>capituli</span> <span class='ocrx_word' id='word_1_307' title='bbox 911 2253 956 2279; x_wconf 90' lang='lat' dir='ltr'>se</span> <span class='ocrx_word' id='word_1_308' title='bbox 976 2238 1256 2290; x_wconf 83' lang='lat' dir='ltr'>submitteret,</span> <span class='ocrx_word' id='word_1_309' title='bbox 1280 2253 1460 2298; x_wconf 84' lang='lat' dir='ltr'>propter</span> <span class='ocrx_word' id='word_1_310' title='bbox 1482 2261 1599 2287; x_wconf 64' lang='lat' dir='ltr'>reve-</span> 
     </span>
     <span class='ocr_line' id='line_1_39' title="bbox 67 2294 1597 2351; baseline 0.005 -15"><span class='ocrx_word' id='word_1_311' title='bbox 67 2295 255 2336; x_wconf 86' lang='lat' dir='ltr'>renciam</span> <span class='ocrx_word' id='word_1_312' title='bbox 278 2295 481 2350; x_wconf 86' lang='lat' dir='ltr'>Episcopi</span> <span class='ocrx_word' id='word_1_313' title='bbox 503 2304 547 2336; x_wconf 88' lang='lat' dir='ltr'>et</span> <span class='ocrx_word' id='word_1_314' title='bbox 573 2304 784 2351; x_wconf 82' lang='lat' dir='ltr'>rogatum,</span> <span class='ocrx_word' id='word_1_315' title='bbox 808 2294 953 2336; x_wconf 88' lang='lat' dir='ltr'>mitius</span> <span class='ocrx_word' id='word_1_316' title='bbox 974 2310 1116 2336; x_wconf 88' lang='lat' dir='ltr'>secum</span> <span class='ocrx_word' id='word_1_317' title='bbox 1140 2308 1342 2351; x_wconf 75' lang='lat' dir='ltr'>agerent3</span> <span class='ocrx_word' id='word_1_318' title='bbox 1374 2301 1433 2342; x_wconf 82' lang='lat' dir='ltr'>ita</span> <span class='ocrx_word' id='word_1_319' title='bbox 1455 2313 1597 2345; x_wconf 69' lang='lat' dir='ltr'>tamen</span> 
     </span>
     <span class='ocr_line' id='line_1_40' title="bbox 66 2352 1596 2409; baseline 0.005 -17"><span class='ocrx_word' id='word_1_320' title='bbox 66 2353 182 2407; x_wconf 88' lang='lat' dir='ltr'>quod</span> <span class='ocrx_word' id='word_1_321' title='bbox 203 2353 257 2394; x_wconf 88' lang='lat' dir='ltr'>de</span> <span class='ocrx_word' id='word_1_322' title='bbox 278 2362 470 2407; x_wconf 89' lang='lat' dir='ltr'>tempore</span> <span class='ocrx_word' id='word_1_323' title='bbox 487 2362 530 2393; x_wconf 91' lang='lat' dir='ltr'>et</span> <span class='ocrx_word' id='word_1_324' title='bbox 552 2367 637 2393; x_wconf 89' lang='lat' dir='ltr'>non</span> <span class='ocrx_word' id='word_1_325' title='bbox 655 2353 709 2393; x_wconf 90' lang='lat' dir='ltr'>de</span> <span class='ocrx_word' id='word_1_326' title='bbox 731 2352 937 2407; x_wconf 87' lang='lat' dir='ltr'>qualitate</span> <span class='ocrx_word' id='word_1_327' title='bbox 953 2353 1212 2406; x_wconf 75' lang='lat' dir='ltr'>poenitentiae</span> <span class='ocrx_word' id='word_1_328' title='bbox 1232 2356 1519 2400; x_wconf 81' lang='lat' dir='ltr'>remitteretur</span> <span class='ocrx_word' id='word_1_329' title='bbox 1536 2363 1596 2409; x_wconf 87' lang='lat' dir='ltr'>ei;</span> 
     </span>
     <span class='ocr_line' id='line_1_41' title="bbox 67 2409 1597 2471; baseline 0.003 -22"><span class='ocrx_word' id='word_1_330' title='bbox 67 2421 129 2458; x_wconf 88' lang='lat' dir='ltr'>ut,</span> <span class='ocrx_word' id='word_1_331' title='bbox 152 2411 186 2449; x_wconf 85' lang='lat' dir='ltr'>si</span> <span class='ocrx_word' id='word_1_332' title='bbox 207 2424 282 2463; x_wconf 87' lang='lat' dir='ltr'>per</span> <span class='ocrx_word' id='word_1_333' title='bbox 312 2418 494 2463; x_wconf 82' lang='lat' dir='ltr'>quatuor</span> <span class='ocrx_word' id='word_1_334' title='bbox 524 2409 612 2451; x_wconf 89' lang='lat' dir='ltr'>dies</span> <span class='ocrx_word' id='word_1_335' title='bbox 643 2410 818 2451; x_wconf 88' lang='lat' dir='ltr'>deberet</span> <span class='ocrx_word' id='word_1_336' title='bbox 848 2424 940 2451; x_wconf 88' lang='lat' dir='ltr'>esse</span> <span class='ocrx_word' id='word_1_337' title='bbox 969 2410 1012 2450; x_wconf 86' lang='lat' dir='ltr'>in</span> <span class='ocrx_word' id='word_1_338' title='bbox 1045 2412 1313 2464; x_wconf 83' lang='lat' dir='ltr'>poenitencia,</span> <span class='ocrx_word' id='word_1_339' title='bbox 1336 2415 1478 2471; x_wconf 86' lang='lat' dir='ltr'>aliqua</span> <span class='ocrx_word' id='word_1_340' title='bbox 1499 2433 1597 2459; x_wconf 77' lang='lat' dir='ltr'>con..</span> 
     </span>
     <span class='ocr_line' id='line_1_42' title="bbox 67 2466 1597 2528; baseline 0.005 -22"><span class='ocrx_word' id='word_1_341' title='bbox 67 2466 344 2521; x_wconf 83' lang='lat' dir='ltr'>templatione</span> <span class='ocrx_word' id='word_1_342' title='bbox 372 2466 584 2520; x_wconf 90' lang='lat' dir='ltr'>Episcopi,</span> <span class='ocrx_word' id='word_1_343' title='bbox 608 2468 895 2507; x_wconf 83' lang='lat' dir='ltr'>remitteretur</span> <span class='ocrx_word' id='word_1_344' title='bbox 926 2468 964 2507; x_wconf 91' lang='lat' dir='ltr'>ei</span> <span class='ocrx_word' id='word_1_345' title='bbox 996 2481 1103 2507; x_wconf 88' lang='lat' dir='ltr'>unus</span> <span class='ocrx_word' id='word_1_346' title='bbox 1135 2469 1227 2510; x_wconf 89' lang='lat' dir='ltr'>dies</span> <span class='ocrx_word' id='word_1_347' title='bbox 1260 2470 1325 2510; x_wconf 90' lang='lat' dir='ltr'>vel</span> <span class='ocrx_word' id='word_1_348' title='bbox 1349 2474 1496 2528; x_wconf 82' lang='lat' dir='ltr'>majus,</span> <span class='ocrx_word' id='word_1_349' title='bbox 1521 2480 1597 2519; x_wconf 64' lang='lat' dir='ltr'>sed</span> 
     </span>
     <span class='ocr_line' id='line_1_43' title="bbox 67 2522 1596 2582; baseline 0.009 -19"><span class='ocrx_word' id='word_1_350' title='bbox 67 2538 144 2578; x_wconf 89' lang='lat' dir='ltr'>per</span> <span class='ocrx_word' id='word_1_351' title='bbox 161 2538 309 2564; x_wconf 86' lang='lat' dir='ltr'>omnes</span> <span class='ocrx_word' id='word_1_352' title='bbox 325 2524 483 2578; x_wconf 67' lang='lat' dir='ltr'>gradus</span> <span class='ocrx_word' id='word_1_353' title='bbox 504 2522 772 2577; x_wconf 78' lang='lat' dir='ltr'>poenitenciae</span> <span class='ocrx_word' id='word_1_354' title='bbox 796 2524 992 2564; x_wconf 85' lang='lat' dir='ltr'>transiret</span> <span class='ocrx_word' id='word_1_355' title='bbox 1006 2524 1110 2578; x_wconf 84' lang='lat' dir='ltr'>ipse,</span> <span class='ocrx_word' id='word_1_356' title='bbox 1134 2525 1241 2567; x_wconf 91' lang='lat' dir='ltr'>sicut</span> <span class='ocrx_word' id='word_1_357' title='bbox 1261 2540 1456 2582; x_wconf 85' lang='lat' dir='ltr'>apostata</span> <span class='ocrx_word' id='word_1_358' title='bbox 1476 2534 1596 2575; x_wconf 72' lang='lat' dir='ltr'>alius.</span> 
     </span>
     <span class='ocr_line' id='line_1_44' title="bbox 73 2580 1596 2636; baseline 0.003 -15"><span class='ocrx_word' id='word_1_359' title='bbox 73 2580 309 2636; x_wconf 77' lang='lat' dir='ltr'>Respondit</span> <span class='ocrx_word' id='word_1_360' title='bbox 331 2581 562 2629; x_wconf 77' lang='lat' dir='ltr'>Johannes,</span> <span class='ocrx_word' id='word_1_361' title='bbox 586 2581 701 2635; x_wconf 90' lang='lat' dir='ltr'>quod</span> <span class='ocrx_word' id='word_1_362' title='bbox 736 2580 777 2619; x_wconf 91' lang='lat' dir='ltr'>in</span> <span class='ocrx_word' id='word_1_363' title='bbox 800 2581 993 2621; x_wconf 86' lang='lat' dir='ltr'>omnibus</span> <span class='ocrx_word' id='word_1_364' title='bbox 1015 2583 1299 2625; x_wconf 85' lang='lat' dir='ltr'>summitteret</span> <span class='ocrx_word' id='word_1_365' title='bbox 1321 2602 1366 2627; x_wconf 84' lang='lat' dir='ltr'>se</span> <span class='ocrx_word' id='word_1_366' title='bbox 1389 2590 1596 2634; x_wconf 58' lang='lat' dir='ltr'>voluntati</span> 
     </span>
     <span class='ocr_line' id='line_1_45' title="bbox 68 2637 1595 2700; baseline 0.008 -23"><span class='ocrx_word' id='word_1_367' title='bbox 68 2647 110 2679; x_wconf 89' lang='lat' dir='ltr'>et</span> <span class='ocrx_word' id='word_1_368' title='bbox 140 2639 288 2693; x_wconf 80' lang='lat' dir='ltr'>gratiae</span> <span class='ocrx_word' id='word_1_369' title='bbox 314 2638 486 2688; x_wconf 84' lang='lat' dir='ltr'>Prioris,</span> <span class='ocrx_word' id='word_1_370' title='bbox 507 2637 629 2679; x_wconf 86' lang='lat' dir='ltr'>salvis</span> <span class='ocrx_word' id='word_1_371' title='bbox 662 2638 741 2679; x_wconf 90' lang='lat' dir='ltr'>sibi</span> <span class='ocrx_word' id='word_1_372' title='bbox 764 2648 875 2679; x_wconf 74' lang='lat' dir='ltr'>statu</span> <span class='ocrx_word' id='word_1_373' title='bbox 898 2654 975 2679; x_wconf 88' lang='lat' dir='ltr'>suo</span> <span class='ocrx_word' id='word_1_374' title='bbox 1006 2649 1049 2680; x_wconf 89' lang='lat' dir='ltr'>et</span> <span class='ocrx_word' id='word_1_375' title='bbox 1071 2640 1195 2685; x_wconf 82' lang='lat' dir='ltr'>fama.</span> <span class='ocrx_word' id='word_1_376' title='bbox 1236 2643 1471 2700; x_wconf 84' lang='lat' dir='ltr'>Episcopus</span> <span class='ocrx_word' id='word_1_377' title='bbox 1495 2665 1595 2691; x_wconf 87' lang='lat' dir='ltr'>vero</span> 
     </span>
     <span class='ocr_line' id='line_1_46' title="bbox 70 2696 1594 2756; baseline 0.005 -21"><span class='ocrx_word' id='word_1_378' title='bbox 70 2696 246 2752; x_wconf 76' lang='lat' dir='ltr'>rogabat</span> <span class='ocrx_word' id='word_1_379' title='bbox 284 2710 327 2738; x_wconf 64' lang='lat' dir='ltr'>ut</span> <span class='ocrx_word' id='word_1_380' title='bbox 369 2710 453 2737; x_wconf 85' lang='lat' dir='ltr'>non</span> <span class='ocrx_word' id='word_1_381' title='bbox 491 2704 714 2749; x_wconf 71' lang='lat' dir='ltr'>cogeretiu·</span> <span class='ocrx_word' id='word_1_382' title='bbox 752 2705 861 2736; x_wconf 79' lang='lat' dir='ltr'>stare</span> <span class='ocrx_word' id='word_1_383' title='bbox 894 2697 946 2737; x_wconf 82' lang='lat' dir='ltr'>ad</span> <span class='ocrx_word' id='word_1_384' title='bbox 979 2711 1157 2751; x_wconf 65' lang='lat' dir='ltr'>pora-m.</span> <span class='ocrx_word' id='word_1_385' title='bbox 1225 2700 1493 2756; x_wconf 57' lang='lat' dir='ltr'>limporisum</span> <span class='ocrx_word' id='word_1_386' title='bbox 1519 2719 1594 2756; x_wconf 53' lang='lat' dir='ltr'>cst,</span> 
     </span>
    </p>

    <p class='ocr_par' dir='ltr' id='par_1_4' title="bbox 792 2756 869 2793">
     <span class='ocr_line' id='line_1_47' title="bbox 792 2756 869 2793; baseline 0 0"><span class='ocrx_word' id='word_1_387' title='bbox 792 2767 819 2793; x_wconf 64' lang='grc' dir='ltr'><strong>Η</strong></span> <span class='ocrx_word' id='word_1_388' title='bbox 846 2756 869 2793; x_wconf 77' lang='grc'>2</span> 
     </span>
    </p>
   </div>
  </div>
 </body>
</html>
