1807 2962
199 71 344 106 CCCXX
499 72 634 105 HIST.
675 72 915 105 D'UNELM.
957 72 1264 105 SCRIPTORES
1302 73 1442 106 TRES.

198 179 357 222 nostris
379 193 455 235 per
476 181 634 221 clerum
661 180 941 222 Eboracensis
961 179 1198 221 Provinciae
1220 195 1295 235 per
1315 196 1373 230 se,
1393 180 1434 221 in
1457 180 1596 237 aliqua
1619 181 1733 222 Con-

200 238 430 280 vocacione
452 238 553 279 cleri
572 237 789 294 utriusque
805 239 1036 280 earundem
1061 237 1377 279 Provinciarum
1395 253 1565 279 exnunc
1582 253 1733 280 conce-

198 296 367 347 dendis,
390 305 431 338 et
454 296 508 337 de
529 295 630 351 ipsis
653 311 766 338 nunc
809 295 957 338 Priore
979 305 1021 337 et
1047 297 1290 346 Conventu,
1324 311 1398 337 seu
1421 297 1732 338 successoribus

198 358 298 405 suis,
323 370 397 396 seu
419 355 473 396 de
494 355 560 395 vel
584 368 662 409 pro
685 354 819 404 terris,
846 353 1110 403 tenementis,
1148 352 1294 403 Celtis,
1319 354 1520 405 ecclesiis,
1544 354 1734 409 capellis,

197 414 267 455 vel
297 413 388 455 aliis
411 412 744 468 possessionibus
772 411 856 452 suis
889 410 1179 467 spiritualibus
1200 410 1550 468 quibuscumque,
1573 420 1646 453 ant
1679 409 1734 453 de

197 472 265 514 vel
292 482 371 527 pro
407 470 714 526 temporalibus
749 467 832 511 suis
869 469 1158 525 spiritualibus
1193 470 1279 510 suis
1324 470 1513 520 annexis,
1551 469 1732 519 racione,

195 530 339 572 colore
361 537 436 570 aut
470 537 669 584 pretextu
701 528 878 582 alicujus
903 526 1202 578 concessionis,
1234 527 1369 578 nobis,
1402 527 1644 569 haeredibus
1661 536 1736 568 aut

197 586 511 629 successoribus
547 587 702 628 nostris
742 601 819 641 per
847 585 1006 626 clerum
1040 584 1258 641 utriusque
1293 585 1614 627 Provinciarum
1657 600 1733 627 ex-

200 660 314 687 nunc
354 644 524 695 fiendae,
562 643 800 700 aliqualiter
835 643 1045 693 levandae,
1090 642 1176 684 sint
1212 642 1345 699 quieti
1382 653 1426 684 et
1458 644 1626 698 penitus
1660 657 1728 684 ex·

198 702 376 754 onerati,
420 716 521 756 erga
569 717 661 752 nos,
704 701 883 743 heredes
934 710 979 742 et
1029 715 1292 742 successores
1342 710 1511 742 nostros
1562 716 1733 741 exnunc

198 762 512 816 imperpetuum
572 774 647 814 per
705 767 954 814 praesentes,
1015 771 1270 814 quamquam
1330 758 1460 800 iidem
1514 758 1638 799 Prior
1688 768 1733 799 et

201 820 455 861 Conventus
497 817 564 859 vel
605 831 865 858 successores
905 817 983 865 sui,
1033 831 1107 857 seu
1140 815 1254 857 idem
1299 816 1423 857 Prior
1462 831 1541 871 per
1582 831 1626 858 se
1669 817 1735 858 vel

199 887 462 919 successores
516 875 580 916 sui
639 874 847 930 aliquibus
902 872 1146 928 hujusmodi
1201 873 1544 915 concessionibus
1589 883 1731 929 partes

199 942 394 990 agentes,
438 932 731 981 concedentes,
773 946 846 972 seu
898 930 1217 973 consencientes
1253 931 1411 972 fuerint
1441 931 1485 972 in
1525 931 1731 976 futurum.

199 993 259 1035 Et
305 991 495 1040 ulterius,
533 990 588 1032 de
631 989 825 1044 ampliori
867 988 1010 1043 gracia
1053 996 1210 1039 nostra,
1259 1003 1316 1031 ex
1361 1004 1480 1031 mero
1530 1001 1648 1031 motu
1691 999 1734 1031 et

198 1060 315 1092 certa
342 1049 526 1090 sciencia
552 1047 707 1089 nostris
734 1047 965 1101 praedictis,
993 1046 1274 1088 concessimus
1306 1061 1384 1101 pro
1405 1048 1542 1098 nobis,
1566 1048 1736 1089 heredi-

196 1109 277 1150 bus
309 1120 351 1149 et
387 1105 698 1147 successoribus
730 1107 895 1154 nostris,
927 1103 1088 1146 eisdem
1120 1119 1232 1146 nunc
1262 1105 1400 1146 Priori
1421 1114 1463 1147 et
1488 1106 1732 1147 Conventui

198 1175 241 1208 et
259 1164 572 1207 successoribus
595 1164 695 1213 suis,
722 1163 837 1218 quod
862 1162 939 1217 ipsi
961 1171 1005 1204 et
1025 1177 1285 1204 successores
1307 1162 1384 1212 sui,
1409 1172 1451 1205 et
1474 1163 1611 1205 Cellae
1629 1179 1731 1213 suae,

196 1223 514 1279 imperpetuum
546 1221 630 1262 sint
662 1220 792 1276 quieti
815 1229 858 1262 et
879 1220 1100 1262 exonerati
1122 1220 1176 1261 de
1198 1220 1430 1262 collecione
1453 1229 1495 1262 et
1517 1221 1732 1263 levacione

198 1294 562 1338 quarumcumque
598 1278 858 1320 decimarum
896 1287 938 1319 et
975 1278 1201 1333 cujuslibet
1221 1279 1353 1333 partis
1374 1278 1650 1330 deeimarum,
1684 1295 1733 1321 ac

197 1339 501 1387 subsidiorum,
517 1336 786 1387 auxiliorum,
806 1345 1049 1393 quotarum,
1075 1345 1118 1378 et
1136 1336 1506 1377 contribucionum
1528 1352 1731 1393 quorum-

196 1412 392 1453 cumque,
416 1395 552 1445 nobis,
577 1394 806 1436 heredibus
838 1404 912 1435 aut
942 1394 1255 1436 successoribus
1277 1394 1430 1436 nostris
1451 1410 1529 1450 per
1554 1395 1730 1436 Cleruin

196 1455 416 1511 utriusque
442 1452 760 1494 Provinciarum
792 1452 1096 1507 praedictarum
1127 1451 1402 1507 imposterum
1431 1453 1732 1494 concedendo-

197 1528 309 1563 rum,
345 1521 389 1554 et
425 1511 540 1568 quod
578 1511 676 1552 licet
708 1510 823 1552 idem
860 1525 970 1552 nunc
995 1510 1119 1552 Prior
1152 1525 1226 1552 seu
1259 1525 1523 1552 successores
1555 1511 1632 1561 sui,
1657 1526 1729 1552 seu

198 1571 334 1613 Cellae
356 1585 458 1620 suae,
491 1584 564 1610 seu
597 1583 745 1610 eorum
778 1567 926 1625 aliquis
957 1568 1013 1609 ad
1044 1568 1344 1610 colleccionem
1367 1584 1440 1610 seu
1468 1568 1729 1610 levacionem

195 1629 440 1685 hujusmodi
461 1627 720 1669 decimarum
743 1642 814 1668 seu
837 1626 1026 1682 parcium
1048 1626 1321 1677 decimarum,
1338 1636 1412 1668 aut
1432 1625 1609 1668 aliorum
1633 1627 1732 1668 subs»-

194 1688 415 1737 sidiorum,
450 1685 723 1734 auxiliorum,
763 1694 1003 1740 quotarum,
1042 1694 1087 1726 et
1122 1684 1491 1726 contribucionum
1528 1699 1730 1740 quorume

195 1760 393 1801 cumque,
417 1743 554 1793 nobis,
578 1742 808 1784 heredibus
840 1751 914 1784 aut
946 1742 1258 1784 successori-bus
1279 1742 1431 1784 nostris
1453 1757 1529 1797 per
1552 1743 1729 1784 Clerum

194 1804 415 1858 utriusque
439 1800 760 1842 Provinciarum
789 1800 1090 1855 praedictarum
1121 1800 1400 1856 imposterum
1432 1801 1729 1842 concedenda-

195 1876 289 1903 rum
312 1874 368 1901 ex
389 1873 514 1908 nunc,
538 1873 615 1913 per
651 1873 726 1899 nos
763 1873 837 1899 seu
874 1858 1000 1899 alium
1025 1873 1352 1914 quemcumque,
1377 1873 1451 1899 seu
1477 1858 1580 1899 alios
1603 1874 1728 1914 quos-

195 1932 390 1973 cumque,
425 1917 717 1965 nominentur,
751 1916 1025 1970 deputentur,
1061 1931 1138 1957 seu
1171 1916 1410 1970 aliqualiter
1442 1917 1724 1970 assignentur,

194 1976 452 2024 nominetur,
471 1974 717 2028 deputetur,
735 1988 807 2014 seu
824 1973 1063 2029 aliqualiter
1083 1973 1334 2030 assignetur,
1351 1974 1466 2029 quod
1485 1973 1561 2028 ipsi
1583 1982 1726 2016 tamen

195 2035 254 2076 sic
275 2032 494 2082 nominati,
527 2031 722 2087 deputati
754 2031 817 2072 vel
851 2030 1050 2085 assignati
1072 2031 1127 2072 ad
1158 2031 1403 2085 hujusmodi
1424 2031 1725 2073 colleccionem

194 2094 283 2134 sive
311 2089 575 2134 levacionem
605 2088 843 2130 faciendam
881 2089 999 2130 nullo
1032 2088 1160 2129 modo
1194 2097 1433 2138 teneantur,
1466 2104 1544 2130 nec
1576 2105 1725 2131 eorum

196 2149 348 2207 aliquis
369 2149 424 2191 ad
446 2148 527 2189 hoc
548 2146 789 2189 faciendum
809 2146 956 2203 quovis
981 2147 1109 2188 modo
1132 2156 1342 2189 teneatur.
1405 2146 1463 2188 Et
1484 2147 1599 2203 quod
1622 2147 1723 2190 licet

193 2209 285 2264 ipsi,
310 2224 384 2250 seu
401 2207 506 2263 ipse,
524 2205 667 2247 taliter
682 2205 905 2254 nominati,
929 2203 1123 2260 deputati
1140 2205 1227 2247 si-ve
1248 2204 1463 2260 assignati,
1482 2205 1724 2246 nominatus

195 2268 425 2323 deputatus
447 2264 535 2305 sive
558 2264 808 2318 assignatus,
831 2262 1073 2318 hujusmodi
1104 2262 1404 2305 colleccionem
1431 2263 1518 2305 sive
1540 2263 1724 2305 levacio-

193 2340 293 2367 nem
313 2338 441 2380 super
461 2337 505 2364 se
522 2337 737 2364 assumere
753 2323 1055 2371 recusaverint,
1072 2336 1143 2363 seu
1166 2322 1439 2371 recusaverit,
1462 2322 1579 2378 quod
1596 2321 1723 2363 iidem

194 2392 336 2425 tamen
359 2382 500 2423 taliter
520 2388 776 2429 recusantes,
800 2394 849 2421 ac
882 2379 970 2435 ipse
1000 2380 1058 2420 sic
1080 2394 1293 2429 recusanS,
1316 2379 1481 2421 nullum
1503 2387 1723 2435 contemp-

194 2450 300 2491 tum,
324 2441 557 2494 dampnum
575 2453 646 2479 seu
662 2437 932 2492 deperditum
946 2452 1046 2492 erga
1062 2452 1151 2487 nos,
1170 2437 1349 2479 heredes
1365 2445 1438 2478 aut
1459 2452 1721 2479 successores

195 2509 378 2547 nostrOS,
394 2512 447 2539 ea
467 2497 520 2538 de
541 2511 668 2538 causa
690 2496 802 2537 incu1
812 2504 907 2537 rant
929 2496 993 2537 vel
1017 2496 1231 2544 incurrat3
1263 2495 1339 2537 sed
1360 2494 1441 2536 sint
1462 2495 1540 2551 ipsi
1562 2503 1608 2538 et
1629 2511 1722 2537 suc-

196 2571 384 2599 cessores
420 2556 497 2605 sui,
533 2563 575 2596 et
612 2569 757 2595 eorum
791 2554 984 2610 quilibet,
1007 2553 1060 2594 de
1083 2553 1417 2610 quibuscumque
1440 2553 1721 2609 impeticioni-

195 2617 290 2664 bus,
313 2612 666 2661 districcionibus,
691 2611 860 2661 finibus,
886 2612 1211 2666 contemptibus,
1234 2611 1480 2667 deperditis,
1505 2621 1547 2653 et
1567 2627 1718 2669 grava-

196 2673 392 2721 minibus,
408 2672 466 2712 eis
488 2686 560 2712 seu
579 2685 728 2711 eorum
742 2669 867 2711 alicui
883 2684 938 2711 ex
956 2669 1197 2724 hujusmodi
1211 2684 1337 2710 causa
1350 2669 1717 2725 qualitercumque

197 2729 401 2771 faciendis
432 2743 505 2770 seu
539 2727 806 2782 imponendis
839 2728 921 2768 sint
951 2726 1176 2768 exonerati
1209 2727 1375 2781 penitus
1407 2737 1450 2768 et
1482 2727 1630 2783 quieti,
1665 2730 1719 2770 sit

195 2794 449 2830 exoneratus
481 2785 649 2841 penitus
682 2794 723 2827 et
757 2785 921 2843 quietus
951 2800 1053 2840 erga
1073 2799 1164 2836 ηοξ,
1189 2785 1369 2827 heredes
1393 2794 1434 2827 et
1458 2799 1717 2828 successores
