1807 2962
162 99 289 146 cxxii
481 115 613 147 HIST.
641 114 874 147 DUNELM.
903 114 1205 147 SCRIPTORES
1230 116 1367 149 Tuus.

164 221 263 263 dam
295 221 508 276 pulveres,
533 230 577 263 et
599 229 762 277 septem
782 221 906 263 solidi
928 221 1228 278 sterlingorum
1247 238 1257 272 3
1280 238 1385 279 quos
1407 223 1575 279 quidem
1598 238 1691 279 sep-

164 287 250 320 tem
275 279 399 320 solidi
422 279 540 321 vobis
560 280 767 321 mittimus
789 294 864 334 per
883 290 1137 335 praesentem
1158 280 1424 335 portitorem.
1481 281 1576 322 Alia
1591 296 1691 321 vero

163 336 284 377 vobis
325 336 592 387 misissemus,
635 337 708 378 sed
750 345 894 377 tamen
935 337 1212 391 reputacione
1245 348 1391 380 nostra
1427 354 1514 379 non
1549 338 1690 379 valent

162 403 366 449 quantum
388 396 499 436 circa
519 394 706 450 ipsorum
727 393 1074 449 deportacionem
1097 395 1337 449 expendere
1358 405 1552 452 oportet:
1576 395 1690 436 unde

159 466 287 506 super
307 452 386 492 hiis
409 461 597 494 vestrum
612 452 925 506 beneplacitum
943 461 1233 507 expectamus.
1285 453 1465 495 Valeat
1455 469 1498 494 m
1516 453 1689 494 Christo

160 518 301 550 vestra
321 510 524 551 discrecio
545 524 667 551 level
670 509 791 553 enda.
854 510 984 551 Datae
1007 519 1050 550 et
1067 510 1327 564 consignatae
1349 512 1464 567 apud
1483 510 1687 552 Dunolm.

158 580 226 608 ΧΠ
249 567 450 610 kalendas
471 568 588 619 Julii,
611 582 724 609 anno
746 566 925 609 Domini
946 572 1002 608 M⁰
1008 580 1090 608 ccc
1095 572 1261 610 ⁰X1x¹¹¹⁰.

552 840 647 868 CIII.
681 841 864 869 PETICIO
887 841 1013 869 PAPAE
1035 840 1292 870 PORRECTA.

753 934 858 978 [Reg.
876 933 920 966 ΙΙ.
937 932 994 966 fol.
1013 934 1106 974 119.}

221 1026 472 1082 Significant
496 1026 720 1069 Sanctitati
741 1035 892 1068 vestrae
913 1025 1094 1067 humiles
1117 1032 1159 1066 et
1182 1024 1440 1067 devotissimi
1462 1025 1536 1066 filii
1562 1025 1684 1067 Prior

157 1085 365 1128 Dunolmi
401 1098 443 1126 et
476 1085 667 1139 ejusdem
700 1084 782 1125 loci
817 1084 1079 1133 Conventus,
1104 1082 1262 1124 ordinis
1285 1084 1419 1124 sancti
1441 1084 1681 1134 Benedicti,

157 1144 287 1200 quod,
311 1158 421 1192 cum,
444 1157 522 1197 per
537 1156 713 1196 gwerrae
730 1140 965 1182 communis
987 1140 1099 1182 inter
1118 1155 1262 1195 regem
1286 1141 1457 1206 Angliae
1478 1141 1681 1183 illustrem

156 1214 198 1243 et
220 1209 369 1258 gentes
408 1199 569 1241 Scociae
591 1199 843 1240 afflicciones
866 1208 908 1239 et
939 1198 1196 1249 discrimina,
1220 1214 1268 1240 ac
1291 1198 1560 1239 tmbaciones
1582 1199 1684 1240 alias

155 1259 199 1299 in
221 1259 313 1313 ipso
334 1272 467 1313 iegno
488 1256 789 1311 multiplicibus
807 1264 850 1297 et
873 1257 1028 1297 mutuis
1050 1256 1395 1298 infestacionibus
1418 1256 1680 1321 continuata,

154 1315 480 1357 miserabiliter·
464 1330 553 1380 Jam
570 1314 686 1369 longi
707 1315 908 1369 tempmis
925 1328 1003 1378 per
1016 1314 1241 1355 decursum
1264 1324 1403 1369 partes
1425 1314 1466 1354 in
1489 1315 1681 1355 confiniis

151 1373 371 1429 utriusque
389 1373 522 1430 regni,
539 1372 580 1413 in
602 1372 754 1428 quibus
772 1387 1051 1438 possessmnes
1074 1380 1117 1413 et
1138 1372 1328 1413 redditus
1349 1372 1424 1422 sui,
1438 1372 1548 1412 unde
1566 1387 1684 1428 mao-

151 1447 206 1473 na
227 1439 270 1473 et
284 1408 462 1472 nobilisU
459 1445 554 1485 pais
577 1429 901 1472 sustentacionis
918 1445 991 1470 e01
995 1429 1149 1470 undem
1172 1444 1428 1494 consul-''gexe
1447 1431 1680 1480 consuevit,

152 1489 318 1531 notorie
337 1488 639 1538 consistebant,
656 1503 731 1543 pei
753 1503 902 1529 manus
924 1487 1184 1542 spoliatrices
1206 1487 1344 1542 gentis
1369 1489 1614 1529 Scottorum
1637 1497 1681 1528 et

152 1547 349 1589 incendia
369 1546 478 1588 adeo
500 1555 598 1588 sunt
618 1546 848 1587 destructae
871 1545 1059 1586 totaliter
1081 1553 1124 1586 et
1146 1545 1365 1586 exhaustae
1380 1545 1494 1601 quod
1518 1545 1572 1586 ad
1594 1561 1681 1585 sus·

151 1606 442 1647 tentacionem
477 1603 635 1645 exilem
671 1611 716 1645 et
749 1612 920 1645 tenuem
955 1603 1122 1644 numeri
1157 1603 1462 1644 monachorum
1493 1617 1605 1643 nunc
1639 1603 1681 1643 In

154 1662 425 1705 Monaste1i0
458 1675 502 1703 et
536 1661 578 1702 in
603 1662 731 1703 Cellis
754 1662 859 1717 erS,
883 1675 939 1702 ex
970 1660 1144 1718 antiqua
1165 1661 1471 1702 consuetudine
1492 1675 1682 1701 commo-

152 1721 356 1771 rancium,
380 1729 424 1762 et
445 1720 500 1761 ad
521 1718 867 1774 hospitalitatem,
887 1719 942 1760 ad
963 1730 1090 1774 quam
1114 1719 1420 1760 observandam
1444 1717 1680 1759 necessario

152 1779 459 1832 astiinguntur,
483 1786 573 1819 tum
596 1778 693 1833 quia
725 1791 871 1818 omnes
905 1776 1100 1818 monachi
1122 1777 1192 1832 qui
1214 1776 1255 1817 in
1279 1776 1412 1818 tribus
1434 1775 1549 1817 cellis
1571 1775 1681 1817 scili-

153 1845 222 1878 cet
245 1835 542 1889 Coldingham,
566 1846 609 1876 et
639 1835 785 1876 Insula
808 1836 950 1884 Sacra,
984 1843 1028 1875 et
1068 1834 1210 1875 Insula
1243 1835 1297 1875 de
1338 1835 1475 1875 Farne
1507 1849 1532 1874 a
1562 1833 1680 1874 dicto

155 1893 422 1935 Monasterio
459 1892 809 1947 dependentibuS,
844 1892 885 1931 in
921 1891 1109 1945 praefatis
1142 1890 1335 1932 confiniis
1369 1891 1545 1941 situatis,
1581 1906 1678 1931 cum

153 1950 309 1992 familia
330 1957 602 2004 competente
635 1949 778 1990 omnia
807 1949 906 1989 vitae
937 1948 1174 1989 necessaria
1205 1950 1258 1989 de
1279 1948 1400 1990 bonis
1423 1948 1521 2003 ipsis
1544 1949 1677 2002 assig-

152 2008 262 2050 natis
300 2007 343 2047 in
375 2006 561 2062 praefatis
599 2005 788 2061 partibus
825 2015 1121 2061 perceperunt,
1144 2018 1318 2062 propter
1349 2006 1581 2047 earundem
1603 2007 1679 2047 de·
1709 2000 1723 2011 ²

152 2065 449 2114 struccionem,
483 2065 537 2105 ad
569 2063 869 2105 monasteiium
908 2063 1242 2105 Dunolmensem
1278 2064 1588 2118 confugientes,
1622 2064 1676 2104 (le

153 2123 316 2180 pusillis
337 2122 589 2163 facultatum
611 2121 811 2177 ieliquiis,
835 2136 937 2177 quas
959 2121 1001 2161 in
1023 2123 1213 2187 partibus
1236 2137 1261 2162 a
1285 2122 1481 2163 Marchia
1501 2123 1676 2163 remotis

152 2180 459 2238 aliquantulum
482 2194 633 2220 manus
655 2179 815 2220 hostilis
837 2194 923 2220 non
944 2180 1098 2234 rapuit,
1123 2180 1253 2220 vitam
1275 2195 1507 2235 pauperem
1531 2194 1674 2221 secum

149 2255 226 2296 per
248 2238 379 2280 multa
399 2252 603 2278 annorum
631 2236 838 2278 curricula
862 2238 951 2293 jam
984 2238 1120 2279 duxei
1125 2247 1213 2288 unt,
1237 2247 1327 2279 tum
1350 2253 1449 2293 quia
1468 2252 1678 2302 pauperes

150 2307 193 2340 et
214 2297 283 2339 alii
307 2296 565 2337 diversarum
581 2296 882 2336 condicionum
897 2310 960 2335 vn
963 2310 988 2345 1,
1012 2295 1083 2351 qui
1105 2303 1236 2337 teiras
1257 2304 1300 2336 et
1322 2310 1466 2336 mansa
1488 2295 1529 2335 in
1553 2294 1676 2336 dictis

150 2354 342 2398 confiniis
378 2353 432 2394 de
467 2352 790 2408 praesidentibus
827 2352 868 2392 in
909 2352 1032 2394 dictis
1067 2352 1169 2394 locis
1208 2361 1674 2408 tenuerunt,quc›1u1n

149 2415 264 2456 bona
284 2427 359 2468 per
381 2412 554 2452 eosdem
581 2410 781 2452 Scottos
773 2426 814 2450 in
838 2409 959 2451 dictis
981 2411 1171 2465 partibus
1192 2420 1288 2452 sunt
1310 2411 1522 2465 direpta,'
1512 2426 1555 2451 111
1578 2425 1675 2465 pro-

150 2471 329 2514 fundum
351 2468 550 2523 egestatis
572 2467 720 2523 dilapsi
740 2483 819 2523 plo
841 2482 1038 2509 succursu
1060 2468 1288 2519 habendo,
1282 2469 1442 2509 saltem
1465 2468 1537 2509 tali
1560 2467 1673 2523 quali

152 2531 207 2571 de
228 2528 310 2569 suis
334 2526 486 2568 inediis
508 2534 550 2567 et
574 2525 787 2580 erumpnis
808 2526 863 2567 ad
884 2541 954 2567 eas
975 2526 1130 2581 passim
1152 2528 1387 2576 confluunt,
1413 2535 1454 2567 et
1486 2525 1564 2566 hiis
1586 2525 1674 2566 die-

150 2589 228 2630 bus
246 2585 379 2627 multo
393 2584 658 2648 siequencius
681 2592 1070 2633 consueto,necnon
1090 2592 1131 2625 et
1146 2593 1319 2639 pr·opte1
1335 2583 1537 2625 sarcinam
1556 2582 1674 2624 debi-

151 2654 289 2687 torum
322 2657 449 2699 quam
482 2656 701 2682 occasmne
721 2641 962 2696 hujusmodi
991 2641 1331 2684 destruccionum
1352 2650 1671 2691 contraxerunt,

154 2711 200 2744 ut
234 2702 410 2743 adversa
445 2707 637 2753 tempora
671 2699 882 2754 prosperis
915 2708 1190 2755 coequarent,
1228 2708 1458 2755 sperantes,
1484 2714 1556 2754 per
1589 2699 1671 2740 Dei

155 2757 482 2801 misericordiam
505 2765 672 2812 tempus
694 2756 960 2813 tranquillius
982 2757 1196 2809 advenire,
1221 2758 1336 2814 quod
1360 2757 1502 2814 utique
1517 2756 1673 2799 diversi
