1807 2962
502 96 779 130 APPENDIX.
812 95 929 126 ANN.
959 95 1313 128 mccccxxxvi.
1454 86 1620 133 ccxlvii

77 203 268 259 supeiius
307 203 346 244 in
383 204 464 245 hoc
502 212 759 245 testamento
797 218 893 244 meo
930 202 1064 243 desei
1057 211 1145 257 1pta
1177 203 1362 257 plenaiie
1385 209 1612 259 per‘soluti,

76 261 287 312 Oidinent,
311 262 479 312 faciant,
504 271 547 304 et
569 260 842 317 disponant,
832 276 874 302 m
898 260 1045 310 missis,
1070 261 1322 311 elemosinis,
1343 272 1386 303 et
1408 263 1497 304 aliis
1513 281 1616 329 ope-

75 321 192 361 ribus
225 319 428 370 caritatis,
437 329 579 385 ‘prout
613 321 848 362 secundum
874 319 1015 359 Deum
1054 327 1097 359 et
1129 333 1272 360 sanam
1296 320 1612 374 conscientiam,

73 377 129 419 ad
165 378 345 419 salutem
377 378 530 420 animae
552 393 660 420 meae
697 377 875 419 celerius
898 385 940 418 et
959 376 1107 417 melius
1130 377 1313 419 viderint
1335 379 1552 433 expedire,
1577 393 1620 424 et

73 444 201 491 prout
222 451 350 491 super
371 436 658 492 disposicione
680 435 920 490 hujusmodi
942 449 1083 476 coram
1107 450 1273 477 summo
1295 436 1447 479 Judice
1469 439 1615 481 volue-

73 495 160 535 rint
195 495 374 536 reddere
407 494 635 536 racionem.
700 494 845 548 Hujus
878 503 1019 534 autem
1043 493 1310 535 Testamenti
1345 495 1424 535 mei
1458 510 1613 538 execu-

74 560 188 593 tores
225 552 376 593 ordino
412 552 699 607 infrascliptos
736 553 813 593 viz.
845 551 1102 592 reverendos
1134 551 1175 592 in
1200 552 1373 594 Christo
1396 562 1536 608 patres
1569 566 1613 597 et

73 609 270 652 dominos
298 610 564 652 Willielmum
602 609 876 665 permissione
909 609 1054 651 divina
1095 609 1409 652 waicensem
1436 612 1613 668 Episco-

72 683 189 724 pum,
214 677 258 710 et
278 668 498 710 dominum
526 668 793 710 Willielmum
814 668 1093 724 peimissione
1110 667 1252 709 divina
1277 669 1612 713 Coventiensem

73 736 117 768 et
155 726 508 768 Lechfeldensem
545 727 807 782 episcopum,
842 727 1007 767 nobiles
1052 735 1095 767 et
1130 727 1378 781 magnificos
1416 728 1610 772 dominos

75 785 308 826 Ricardum
345 786 546 826 comitem
575 784 808 834 Warrewic,
833 793 876 826 et
902 784 1132 825 Ricardum
1155 785 1353 826 comitem
1379 787 1543 838 Sarum,
1568 797 1610 830 et

72 843 278 885 illustrem
302 844 436 884 virum
459 843 666 885 Jacobum
689 843 909 883 dominum
938 843 992 884 de
1017 843 1201 899 Audley,
1226 859 1392 885 necnon
1429 845 1609 888 dilectos

72 901 194 942 nobis
230 901 273 942 in
319 901 491 943 Christo
532 902 741 947 Jacobum
789 902 1061 957 Strangways
1098 902 1321 953 seniorem,
1360 904 1610 959 magistrum

73 960 289 1001 Thomam
313 960 427 1015 Leys
460 969 671 1001 rectorem
708 959 762 1001 de
790 960 1077 1010 Weremouth,
1102 960 1322 1001 dominum
1352 961 1608 1004 Nicholaum

74 1016 240 1059 Hulme
262 1018 512 1059 canonicum
534 1017 724 1059 ecclesiae
746 1017 986 1074 collegiatae
1022 1018 1075 1059 de
1099 1019 1371 1074 Derlyngton
1405 1020 1606 1063 Dunelm.

71 1076 199 1125 dioc.,
229 1085 271 1118 et
307 1076 526 1118 dominum
554 1076 783 1118 Ricardum
810 1077 1002 1132 Buckley
1024 1086 1231 1118 rectorem
1260 1078 1449 1119 ecclesiae
1486 1094 1609 1134 paro-

71 1134 218 1176 chialis
252 1136 387 1176 sancti
426 1134 622 1178 Nicholai
652 1135 831 1175 civitatis
856 1135 1077 1185 Dunelm.,
1103 1135 1316 1176 Thomam
1342 1137 1521 1179 Holden
1543 1153 1608 1179 ar·-

71 1193 294 1250 migerum,
318 1193 528 1235 Jacobum
552 1193 830 1249 Grenehalgh
853 1192 1122 1247 armigerum,
1151 1194 1390 1235 Robertum
1411 1196 1609 1237 Strother

69 1252 341 1306 armigerum,
381 1251 599 1292 dominum
639 1251 870 1292 Ricardum
903 1251 1086 1292 Corston
1108 1252 1387 1305 capellanum,
1412 1263 1455 1295 et
1488 1254 1607 1295 Tho-

69 1325 182 1351 mam
216 1310 367 1359 Jobur,
392 1309 553 1351 dictum
588 1310 788 1358 London,
813 1309 1027 1359 clericum,
1052 1309 1313 1364 conjunctim
1351 1319 1394 1351 et
1427 1311 1607 1354 divisim„

74 1368 242 1416 Quibus
264 1368 435 1424 quidem
457 1367 755 1409 executoribus
777 1367 892 1417 meis,
917 1368 994 1408 sub
1018 1367 1103 1409 Dei
1124 1368 1423 1410 benedictione
1441 1379 1484 1411 et
1499 1385 1605 1421 mea,

69 1427 307 1482 specialiter
340 1426 530 1481 injungo,
556 1436 601 1467 ut
638 1425 908 1467 concordiam
942 1425 1052 1466 inter
1082 1441 1125 1467 se
1147 1426 1348 1468 continue
1369 1428 1542 1470 foveant
1564 1441 1608 1471 et

67 1486 267 1535 habeant,
302 1499 350 1525 ac
387 1484 429 1524 in
461 1484 655 1526 omnibus
687 1483 870 1525 consiliis
893 1492 934 1525 et
956 1483 1119 1525 actibus
1141 1484 1224 1525 suis
1246 1500 1430 1540 praesens
1454 1486 1609 1528 Testa-

66 1552 259 1585 mentum
281 1543 633 1584 concernentibus
667 1541 885 1583 unanimes
908 1541 1117 1608 existant3
1149 1543 1207 1584 sic
1230 1558 1413 1600 namque
1435 1554 1605 1587 sanctus

69 1602 348 1651 Cuthbertus,
373 1610 576 1666 patronus
594 1615 711 1642 meus
732 1600 1030 1649 benedictus,
1021 1616 1063 1640 m
1086 1601 1236 1642 ultimo
1270 1602 1360 1643 vale
1382 1618 1455 1644 seu
1477 1611 1607 1645 testa-

65 1670 211 1702 mento
248 1674 324 1700 suo
357 1659 439 1700 suis
474 1659 674 1703 fratribus
696 1660 882 1700 noscitur
903 1658 1216 1714 injuxisse—In
1249 1661 1605 1715 qiloium—-Data

65 1727 110 1760 et
146 1727 242 1759 acta
278 1725 377 1758 sunt
410 1717 533 1759 haec
524 1732 564 1758 ιιι
601 1732 769 1758 camera
789 1716 978 1757 interiori
1003 1717 1178 1758 maneiii
1201 1718 1283 1759 mei
1304 1718 1359 1759 de
1382 1719 1599 1769 Aukland‚

64 1777 166 1818 dict.
200 1776 311 1820 dioc.
353 1775 572 1826 Dunelm,
596 1775 665 1817 die
702 1774 879 1825 veneris,
903 1776 944 1815 in
966 1774 1073 1816 festo
1111 1776 1152 1817 S.
1179 1776 1361 1817 Thomae
1385 1778 1600 1832 Apostoli,

64 1834 265 1877 vicesimo
298 1833 437 1889 primo
472 1833 541 1875 die
564 1834 719 1874 mensis
748 1833 1001 1874 Decembris
1029 1834 1152 1874 1436.
1219 1834 1503 1876 Praesentibus
1525 1835 1602 1877 ho-

64 1893 267 1935 rabilibus
301 1891 397 1932 viris
427 1891 636 1949 magistris
657 1891 855 1933 Johanne
891 1891 1080 1941 Bonour,
1111 1892 1381 1934 decretorum
1404 1893 1596 1945 doctore,

63 1951 315 1994 cancellario
348 1965 457 2000 meo,
481 1959 525 1991 et
553 1950 777 1991 Willielmo
815 1950 1058 1990 Doncastre
1091 1949 1134 1990 in
1168 1949 1333 2004 legibus
1354 1951 1596 2002 bacallario‚

63 2009 232 2051 officiali
267 2024 378 2059 meo,
413 2018 457 2050 et
490 2008 665 2050 domino
707 2007 1184 2062 Willielmo-Damyon,
1220 2008 1386 2050 decano
1422 2010 1599 2066 capellae

65 2083 189 2112 lneae.

239 2184 405 2224 Proved
422 2189 468 2224 at
499 2189 525 2209 ‘⁶
543 2182 816 2232 Medillzam,''
844 2185 894 2222 17
913 2183 1031 2231 Deo„
1061 2185 1185 2225 1439.
1250 2183 1596 2226 Administratz'on

178 2243 359 2293 yranted
391 2247 430 2281 to
461 2243 655 2282 Richard
693 2242 806 2281 Earl
836 2241 892 2292 qs
911 2241 1141 2290 Salisbury,
1185 2239 1387 2282 Niclzolas
1424 2243 1593 2293 Hulme,

190 2300 367 2340 leomas
388 2299 562 2350 Holden,
585 2300 739 2340 Robert
758 2299 951 2348 Strotker,
975 2300 1061 2340 and
1079 2299 1273 2340 Richard
1294 2300 1475 2341 Coi-scon.
