1807 2962
466 65 743 97 APPENmX.
772 65 892 96 ANN.
922 64 1219 97 Mocccmn.
1263 69 1267 73 ·
1425 50 1606 99 cccxliii

73 188 220 215 eorum
264 172 463 228 aliquem,
506 181 810 214 executoresve
847 171 1087 212 nominatos
1121 187 1194 213 seu
1242 172 1519 213 nominandos
1552 174 1605 214 ab

70 231 248 281 eisdem‚·
284 236 439 280 actum,
474 231 647 280 factum,
681 230 855 280 dictum,
880 238 1061 283 gestum,
1086 228 1349 284 supervisum
1374 244 1448 270 seu
1472 230 1605 270 admi-

69 288 291 330 nistratum
312 287 439 329 fuerit
462 287 502 328 in
524 287 763 343 praemissis,
779 303 854 329 seu
871 302 1020 329 eorum
1039 287 1196 343 aliquo.
1231 287 1281 328 In
1300 288 1415 341 cujus
1432 288 1602 343 quidem

69 343 312 387 testamenti
344 345 428 387 mei
459 346 547 387 sive
578 345 739 386 ultimae
767 345 993 386 voluntatis
1014 344 1299 386 testimonium
1321 353 1450 400 atque
1471 345 1603 387 fidem

69 404 253 461 sigillum
274 418 489 445 armorum
511 418 704 444 meorum
727 403 779 444 de
801 403 1002 444 mandato
1025 418 1119 444 meo
1137 402 1307 456 speciali
1322 403 1599 456 praesentibus

67 470 132 503 est
163 475 407 516 appensum.
473 461 587 502 Data
618 460 658 501 in
692 461 882 502 manerio
903 461 957 501 de
984 461 1183 501 Aukland
1205 460 1424 515 praedicto,
1448 470 1599 502 octavo

68 519 138 560 die
173 518 325 560 mensis
354 518 469 568 Julii,
504 533 618 559 anno
656 518 832 559 Domini
863 518 1086 559 millesimo
1118 533 1213 559 cccc
1250 519 1598 574 quinquagesimo

68 576 261 631 septimo,
297 585 341 617 et
373 591 480 617 meae
515 575 807 616 translacionis
843 590 955 616 anno
988 575 1196 617 vicesimo.
1262 575 1363 617 Hiis
1405 576 1594 626 testibus,

74 634 272 676 Galfrido
307 633 536 688 Mydelton
575 633 823 675 vicecomite
858 633 1156 683 Dunelmensi,
1193 633 1366 674 domino
1404 635 1599 676 Roberto

73 692 234 748 Brerey
284 692 531 746 presbitero,
584 691 773 732 Henrico
825 692 1093 746 Strangways
1135 691 1360 745 armigero,
1403 692 1597 733 Roberto

72 750 176 804 Elys
197 764 419 805 generoso,
440 749 616 791 testibus
638 749 692 790 ad
715 749 931 804 praemissa
952 751 1114 790 vocatis
1136 749 1375 805 specialiter
1395 759 1438 791 et
1460 751 1598 806 requi-

67 817 173 849 sitis.

129 866 219 917 [On
248 866 312 907 the
346 867 442 906 ΙΞίῘι
471 866 525 917 of
543 865 643 917 chly
658 866 893 918 followirzy,
913 867 977 907 the
997 866 1258 918 Supervssors
1287 867 1457 919 appoint
1476 867 1599 908 Alex-

69 927 200 966 ander
222 924 405 964 Heswell
421 925 508 964 and
534 924 712 964 William
735 925 917 965 Bristow
938 930 1154 965 executors.

135 981 220 1022 Tlae
249 982 517 1033 ΑνσΙιόἱεΙιορ,
551 987 598 1021 at
622 982 772 1033 Scroby
802 984 855 1021 31
880 983 966 1024 dul.
1000 988 1123 1022 states
1152 983 1240 1022 tlzczt
1259 982 1322 1022 the
1341 982 1499 1033 Bislzop
1515 983 1602 1022 had

69 1041 166 1081 died
183 1042 376 1088 intestate,
392 1040 477 1079 and
492 1044 638 1091 yram
650 1041 980 1079 administrarion
999 1046 1038 1080 to
1060 1040 1252 1080 Richard
1267 1040 1416 1081 Hewz'lz
1432 1041 1599 1092 qf'Aton

69 1099 196 1150 Esqr.
220 1096 338 1137 Alex.
361 1097 549 1139 Heswell
566 1098 653 1137 and
679 1098 787 1137 Wll.
806 1098 1000 1137 Bristow.

128 1155 427 1208 Sequestratz'on
446 1156 500 1206 Qf
508 1154 572 1195 tlte
590 1156 716 1206 qoods
735 1157 789 1207 of
798 1156 861 1195 tlte
880 1156 1074 1195 deceased
1086 1156 1262 1207 yranted
1278 1161 1316 1195 to
1328 1155 1439 1197 John
1464 1154 1604 1195 Nevill

69 1214 229 1254 brother
255 1213 309 1265 qf
326 1214 391 1253 the
419 1214 531 1253 Earl
560 1213 614 1263 of
641 1212 940 1261 VVestmerland,
976 1213 1074 1254 Wm.
1104 1213 1291 1263 Newton,
1327 1213 1432 1253 1300.
1470 1214 1600 1253 Bates

76 1271 202 1312 Vicar
216 1272 271 1324 of
292 1271 448 1312 Norton
463 1272 550 1312 and
563 1271 668 1312 ΗΘΖ).
690 1272 798 1312 Bere
822 1269 964 1325 Gema]

210 1529 355 1558 CCLVI.
418 1528 633 1557 LICENCIA
676 1528 873 1556 HENRICI
917 1529 1044 1556 SEXTI
1084 1529 1142 1556 AD
1186 1529 1464 1558 ELIGENDUM

507 1587 768 1615 EPISCOPUM
792 1586 1159 1617 DUNELMENSEM.

388 1678 503 1721 [Cart.
520 1680 595 1712 ΙΙΙ.
612 1679 635 1712 f.
652 1682 729 1713 239.
747 1679 777 1713 b.
795 1684 830 1713 et
849 1680 943 1724 Orig.
960 1682 990 1712 3.
1009 1683 1040 1711 5.
1058 1679 1177 1723 Regal.
1194 1680 1234 1712 A.
1258 1681 1302 1724 1.]

135 1773 351 1815 Hem-icus
375 1773 459 1814 Dei
480 1772 623 1827 gracia
648 1773 742 1814 Rex
766 1772 935 1827 Angliae
958 1781 1001 1815 et
1026 1773 1215 1814 Franciae
1237 1782 1278 1815 et
1299 1772 1493 1814 dominus
1520 1773 1604 1815 Hi·

72 1832 232 1873 berniae
256 1831 418 1872 dilectis
440 1832 519 1873 sibi
541 1831 581 1872 in
609 1831 780 1872 Christo
800 1831 936 1872 Priori
957 1841 1001 1872 et
1028 1831 1223 1885 Capitulo
1241 1831 1427 1873 ecclesiae
1448 1832 1604 1873 Cathe-

15 1895 17 1897 ’
72 1889 200 1931 dralis
220 1889 517 1930 Dunelmensis
539 1889 732 1932 salutem.
797 1889 866 1930 Ex
887 1897 1007 1944 parte
1030 1903 1169 1930 vestra
1190 1889 1312 1930 nobis
1343 1900 1407 1930 est
1437 1889 1606 1930 humili-

75 1957 140 1988 ter
170 1947 466 2002 supplicatum,
500 1957 560 1997 ut,
584 1962 677 1987 cum
711 1947 888 1988 ecclesia
921 1957 1059 1988 vestra
1090 1947 1295 2002 praedicta
1327 1962 1399 2001 per
1420 1951 1604 1989 mortem

73 2006 200 2047 bonae
232 2005 448 2046 memoriae
482 2004 670 2059 magistri
706 2005 885 2046 Roberti
912 2005 1080 2056 Nevile,
1116 2020 1252 2060 nuper
1285 2005 1486 2060 Episcopi
1519 2006 1602 2047 loci

73 2063 200 2113 illius,
238 2063 420 2118 pastoris
457 2063 510 2104 sit
551 2063 708 2104 solacio
741 2063 957 2113 destituta,
1001 2063 1128 2104 alium
1172 2063 1289 2104 vobis
1329 2063 1516 2117 eligendi
1556 2064 1600 2104 iu

73 2120 333 2176 Episcopum
366 2131 408 2162 et
429 2129 639 2176 pastorem
662 2121 852 2175 ejusdem
885 2121 965 2162 loci
987 2121 1205 2162 licenciam
1228 2121 1345 2162 vobis
1368 2121 1606 2162 concedere

73 2178 357 2232 dignaremur.
453 2178 559 2228 Nos,
583 2179 777 2233 precibus
799 2179 944 2219 vestris
985 2181 1029 2219 in
1060 2179 1138 2219 hac
1169 2187 1291 2233 parte
1312 2178 1603 2219 favorabiliter

72 2235 273 2285 inclinati,
296 2235 515 2277 licenciam
536 2236 651 2277 illam
672 2236 790 2276 vobis
812 2244 959 2277 tenore
977 2237 1255 2290 praesencium
1278 2235 1477 2276 duximus
1500 2250 1602 2276 con-

72 2294 332 2342 cedendam3
365 2293 611 2334 mandantes
633 2294 747 2348 quod
779 2294 904 2335 talem
928 2294 1045 2333 vobis
1068 2292 1231 2347 eligatis
1263 2292 1306 2333 in
1341 2292 1602 2347 Episcopum

72 2360 116 2392 et
136 2360 349 2406 pastorem
373 2351 560 2405 ejusdem
583 2351 677 2399 loci,
709 2351 780 2406 qui
812 2352 908 2392 Deo
940 2351 1130 2400 devotus,
1163 2350 1350 2391 ecclesiae
1380 2350 1601 2404 praedictae

72 2408 346 2459 necessarius,
370 2408 575 2464 nobisque
592 2418 635 2450 et
656 2423 789 2464 regno
806 2418 948 2449 nostro
965 2408 1076 2448 utilis
1098 2418 1137 2449 et
1161 2408 1296 2448 fidelis
1319 2408 1486 2449 existat.
1552 2409 1601 2449 In

72 2467 192 2521 cujus
214 2466 276 2507 rei
298 2466 582 2508 testimonium
614 2466 690 2507 has
722 2466 863 2507 literas
895 2475 1058 2507 nostras
1081 2465 1171 2507 fieri
1194 2465 1367 2506 fecimus
1391 2474 1600 2520 patenteS.

73 2524 206 2579 Teste
227 2539 293 2565 me
314 2524 404 2578 ipso
422 2525 535 2579 apud
555 2523 997 2572 VVestmonasterium,
1022 2525 1158 2577 primo
1179 2523 1248 2564 die
1273 2523 1467 2578 Augusti,
1486 2539 1605 2565 anno

72 2581 192 2636 regni
223 2583 354 2623 nostri
387 2581 597 2623 tricesimo
628 2582 790 2637 quinto,
855 2582 937 2622 Per
972 2582 1105 2622 Breve
1128 2582 1180 2627 de
1212 2581 1376 2635 privato
1398 2581 1534 2638 sigillo
1556 2590 1599 2624 et

73 2639 127 2681 de.
150 2640 249 2681 (lata
271 2639 489 2695 praedicta,
513 2639 764 2681 auctoritate
792 2639 1075 2682 parliamenti.
1142 2639 1338 2695 Frystou.
