1807 2962
162 75 240 121 lxii
475 90 608 121 HisT.
637 87 872 119 DUNELM.
904 86 1208 119 scmrronns
1236 85 1375 119 TRES.

278 299 389 327 XLII.
437 299 580 326 CARTA
616 298 806 325 RlCARDI
851 297 985 324 PRIMI
1028 296 1161 324 REGIS
1203 296 1384 324 ANGLxAE
1429 285 1570 324 FACTA

277 357 462 385 HUGONI
487 356 704 384 EPISCOPO
721 354 1024 382 DUNELMENSI
1044 355 1102 382 DE
1127 354 1361 382 COMITATU
1387 354 1570 382 NORTH-

278 414 472 441 UMBRIAE
494 414 551 440 AD
574 412 828 440 TERMINUM
848 412 961 440 VITAE
984 412 1093 442 SUAE.

684 491 796 536 [Orig.
814 493 846 523 3.
867 493 916 523 13.
935 490 1064 524 Pontif.
1078 491 1118 523 E.
1136 490 1186 532 1.]

221 569 430 612 Ricardus
461 568 546 610 Dei
575 568 718 622 gracia
741 568 840 609 Rex
876 567 1058 624 Angliae,
1101 567 1209 609 Dux
1232 565 1527 615 Normanniae,
1553 566 1688 622 Aqui-

158 628 301 677 taniae,
323 628 478 669 Comes
498 625 772 680 Andegaviae,
794 624 1151 680 ArchiepiscopiS,
1173 623 1409 679 Episcopis,
1429 623 1684 674 Abbatibus,

163 684 418 735 Comitibus,
460 683 711 734 Baronibus,
749 682 1013 733 JusticiariiS,
1053 681 1400 731 vicecomitibus,
1425 689 1468 722 et
1490 681 1686 722 omnibus

159 742 342 783 baillivis
363 751 406 783 et
426 741 621 783 fidelibus
653 742 736 781 suis
757 740 892 782 tocius
914 739 1100 795 Angliae,
1127 740 1299 780 Francis
1320 748 1362 779 et
1385 738 1550 792 Anglis,
1573 739 1688 780 salu-

160 804 261 841 tem.
326 800 477 842 Sciatis
508 814 587 840 nos
622 799 788 840 dedisse
809 807 851 840 et
873 798 1141 848 concessisse,
1162 806 1205 838 et
1227 795 1425 852 praesenti
1448 805 1565 836 carta
1586 811 1687 837 con-

158 855 360 907 firmasse,
383 857 487 898 karo
509 856 824 910 consanguineo
840 864 986 897 nostro
1008 855 1187 912 Hugoni
1206 853 1485 896 Dunelmensi
1508 853 1687 908 Episco-

159 931 217 971 po
234 923 371 956 totum
387 913 648 956 comitatum
665 912 980 964 Norhumbriae,
996 913 1228 954 tenendum
1243 913 1285 952 in
1300 911 1386 952 vita
1403 926 1478 952 sua
1494 911 1547 952 de
1562 912 1683 953 nobis

158 983 204 1015 et
220 972 463 1013 haeredibus
485 971 636 1012 nostris
655 986 666 1020 3
689 980 731 1012 et
752 971 850 1012 inde
872 986 967 1012 eum
987 985 1062 1025 per
1079 984 1220 1011 ensem
1243 978 1284 1010 et
1302 969 1506 1009 annulum
1528 968 1685 1009 saisivi-

157 1046 252 1073 mus
288 1038 332 1071 et
374 1029 590 1071 Comitem
624 1028 815 1071 fecimus,
884 1027 1125 1068 Reddendo
1158 1027 1280 1068 uobis
1317 1026 1416 1067 inde
1443 1026 1680 1076 servicium,

157 1089 274 1145 quod
296 1097 580 1129 antecessores
602 1085 666 1126 sui
692 1084 993 1126 Norhumbriae
1017 1085 1206 1126 Comites
1229 1083 1567 1125 antecessoribus
1590 1099 1684 1124 nos-

159 1147 234 1188 tris
260 1145 450 1199 Regibus
471 1144 611 1184 facere
633 1143 773 1184 solent
804 1150 848 1183 et
869 1142 1039 1183 debent.
1108 1141 1252 1189 Quare
1274 1142 1467 1183 volumus
1490 1151 1532 1182 et
1553 1142 1682 1182 firmi-

159 1215 227 1246 ter
256 1201 525 1258 praecipimus
557 1200 673 1256 quod
703 1200 932 1255 praedictus
959 1199 1194 1254 Episcopus
1219 1200 1355 1256 Hugo
1376 1198 1514 1253 ipsum
1539 1198 1683 1240 Comi-

158 1270 294 1305 tatum
316 1260 374 1301 ita
394 1259 535 1314 plene,
557 1258 703 1307 libere,
736 1257 893 1314 quiete,
918 1267 962 1299 et
981 1257 1229 1307 honorifice,
1254 1266 1347 1298 toto
1369 1265 1561 1310 tempore
1583 1256 1683 1297 vitae

159 1337 259 1369 suae,
298 1317 457 1358 habeat
493 1325 536 1357 et
578 1323 736 1365 teneat,
775 1315 883 1357 sicut
919 1330 995 1355 nos
1032 1314 1109 1369 ipsi
1131 1316 1174 1355 iu
1196 1314 1367 1369 propria
1389 1328 1515 1354 manu
1538 1323 1684 1355 nostra

159 1377 418 1421 habebamus
450 1382 493 1414 et
529 1373 800 1422 tenebamus3
832 1373 875 1414 in
908 1372 1089 1414 castellis
1121 1381 1163 1413 et
1182 1371 1327 1426 burgis
1349 1380 1391 1413 et
1411 1370 1455 1411 in
1477 1371 1683 1426 portubus

160 1446 202 1479 et
239 1431 460 1478 dominicis
493 1429 688 1472 maneriis
723 1440 765 1472 et
800 1430 958 1484 stagnis
987 1438 1029 1471 et
1066 1429 1319 1471 molendini-s
1349 1437 1393 1469 et
1414 1428 1616 1483 piscariis,
1641 1428 1684 1469 in

157 1494 288 1551 pratis
311 1500 353 1532 et
373 1488 553 1544 pascuis,
577 1490 620 1529 in
642 1487 763 1529 terris
786 1487 907 1530 cultis
928 1496 972 1528 et
993 1487 1162 1528 incultis
1183 1487 1226 1527 in
1239 1487 1406 1528 forestis
1439 1495 1481 1527 et
1498 1486 1683 1527 minariis

159 1550 325 1608 argenti
345 1546 510 1604 plumbi
527 1555 570 1588 et
591 1545 706 1596 ferri,
730 1554 774 1587 et
796 1545 836 1586 in
854 1545 990 1586 feodis
1013 1554 1056 1586 et
1077 1544 1284 1599 homagiis
1307 1553 1350 1585 et
1371 1543 1556 1585 serviciis
1574 1553 1617 1584 et
1639 1543 1684 1585 in

157 1610 309 1652 wardis
331 1616 373 1648 et
392 1604 596 1646 eschaetis
617 1604 841 1653 baronum,
865 1602 1059 1653 militum,
1083 1602 1339 1652 theinorum,
1362 1612 1405 1643 et
1425 1601 1685 1655 drengorum

158 1669 213 1711 ad
234 1663 487 1724 praedictum
510 1663 787 1711 Comitatum,
811 1661 1052 1717 ubicunque
1073 1660 1154 1701 sint
1176 1660 1220 1701 in
1243 1659 1410 1714 Anglia,
1433 1659 1686 1713 pertiuenti-

157 1728 252 1776 bus,
291 1733 335 1766 et
367 1735 461 1762 cum
484 1720 680 1761 omnibus
702 1719 968 1761 libertatibus
1004 1727 1048 1759 et
1078 1717 1218 1759 liberis
1240 1716 1618 1759 consuetudinibus
1641 1725 1683 1758 et

156 1782 321 1841 placitis
352 1788 396 1820 et
426 1777 623 1834 q11e1·eliS,
648 1785 692 1818 et
723 1777 917 1818 omnibus
939 1776 1028 1817 aliis
1049 1776 1175 1817 rebus
1198 1776 1248 1816 ad
1273 1790 1473 1816 coronam
1495 1783 1683 1816 nostram

156 1837 478 1896 pertinentibus.
546 1835 612 1876 Ita
643 1835 760 1889 quod
790 1834 928 1875 nullus
959 1833 1228 1874 baillivorum
1269 1841 1510 1873 nostrorum
1527 1832 1624 1873 inde
1638 1848 1682 1873 se

158 1913 286 1953 super
307 1898 446 1952 ipsum
468 1893 536 1933 vel
555 1892 746 1933 baillivos
768 1907 864 1932 suos
885 1891 1153 1934 intromittat.
1236 1891 1334 1944 Ipso
1356 1905 1458 1930 vero
1480 1891 1683 1944 episcopo

158 1957 350 2010 Hugone
380 1950 630 1998 decedente,
663 1948 893 2004 praedictus
929 1947 1166 1989 Comitatus
1198 1947 1253 1988 ad
1283 1962 1361 1989 nos
1378 1947 1445 1987 vel
1468 1947 1683 1989 haeredem

157 2024 347 2055 nostrum
368 2016 618 2050 revertatur.
682 2006 810 2048 Salvo
832 2015 974 2047 tamen
996 2005 1185 2046 ecclesiae
1202 2020 1290 2045 suae
1312 2013 1353 2046 et
1371 2006 1682 2046 successoribus

156 2072 239 2114 suis
272 2070 316 2110 in
351 2066 594 2122 episcopatu
620 2063 897 2105 Dunelmensi
920 2063 1109 2104 manerio
1131 2062 1185 2103 de
1209 2062 1430 2116 Sadberga
1449 2073 1494 2103 et
1515 2078 1683 2117 wapen-

159 2141 255 2172 taco
293 2135 337 2167 et
377 2123 511 2166 feodis
548 2121 743 2171 militum,
780 2121 979 2162 videlicet
1016 2120 1199 2161 Thomae
1233 2120 1287 2161 de
1324 2120 1598 2162 Amundevill
1639 2130 1680 2161 et

161 2184 280 2230 Petri
319 2184 488 2225 Karrou
526 2188 570 2220 et
607 2178 835 2220 Godefridi
859 2179 1005 2227 Baart,
1049 2186 1093 2218 et
1124 2177 1343 2218 haeredum
1377 2192 1554 2226 eorum3
1586 2193 1682 2233 quae

158 2244 275 2301 prius
311 2241 370 2283 eis
407 2238 658 2280 dederamus
691 2245 734 2278 et
755 2245 871 2278 carta
891 2245 1034 2277 nostra
1054 2236 1412 2278 confirmavimus,
1479 2235 1680 2276 Testibus

159 2304 221 2345 H.
268 2294 565 2342 Saresbiriensi
606 2294 818 2349 episcopo,
855 2293 1054 2335 Johanne
1076 2292 1230 2334 comite
1274 2292 1446 2342 Moret’,
1494 2292 1681 2334 Ricardo

158 2359 315 2402 comite
333 2357 385 2397 de
405 2355 545 2403 Clara,
567 2353 738 2406 Rogero
755 2352 793 2392 le
817 2351 954 2405 Rigot,
979 2351 1203 2391 Willielmo
1221 2349 1274 2391 de
1293 2351 1451 2391 Sancto
1465 2350 1677 2401 Johanne,

158 2417 354 2460 Johanne
376 2410 636 2460 marescallo,
663 2409 902 2450 willielmo
930 2408 1190 2457 marescallo,
1218 2407 1435 2462 Stephano
1456 2407 1509 2448 de
1524 2408 1680 2462 Longo

156 2476 336 2528 Campo.
401 2471 518 2511 Data
533 2483 609 2523 per
630 2482 777 2508 manus
801 2466 1028 2509 Willielmi
1050 2466 1103 2507 de
1128 2466 1281 2520 Longo
1306 2465 1487 2520 Campo,
1506 2464 1679 2522 Elyenis

156 2532 295 2580 electi,
337 2526 592 2570 Cancellarii
629 2525 774 2575 nostri,
799 2524 913 2578 apud
955 2522 1402 2573 VVestmonasterium,
1455 2536 1561 2563 XXV.
1611 2523 1679 2564 die

156 2586 425 2636 Novembris,
448 2584 569 2639 regni
590 2582 723 2624 nostri
745 2597 858 2624 anno
879 2584 1031 2636 primo.
