1807 2962
456 65 719 98 ROBERTUS
757 64 822 95 DE
861 64 1204 95 GRAYSTANEs.
1527 54 1590 104 93

65 176 181 235 quod
202 174 553 230 Archiepiscopus
577 171 827 214 electionem
849 169 1002 212 factam
1025 185 1101 226 per
1122 172 1514 214 excommunicatos
1536 174 1590 215 ab

66 237 158 292 ipso
194 249 280 276 non
313 239 566 288 acceptaret.
633 229 770 271 Priori
806 243 906 270 vero
942 239 985 270 et
1015 227 1225 284 suppriori
1246 238 1288 270 et
1310 229 1398 270 aliis
1421 246 1592 272 excom-

67 292 291 335 municatis
331 306 409 346 per
448 289 830 344 Archiepiscopum
871 286 1096 329 videbatur
1130 301 1260 341 grave
1302 288 1356 329 ab
1389 288 1594 331 electione

68 350 253 400 excludi,
283 350 468 391 maxime
498 362 577 403 pro
598 347 713 388 bono
736 345 850 387 facto
871 360 962 386 suo.
1026 344 1270 386 Credebant
1292 345 1404 387 enim
1426 362 1471 388 se
1497 347 1599 389 Deo·

68 419 111 452 et
147 407 336 450 ecclesiae
372 421 459 447 suae
494 404 743 461 obsequium
777 402 1021 459 praestitisse
1052 402 1095 444 in
1115 402 1420 457 jurisdictionis
1442 408 1595 460 appre-

67 466 284 510 hensione.
347 465 541 506 Tandem
572 472 714 504 tamen
748 462 1041 517 relinquentes
1052 461 1393 518 jurisdictionem
1418 463 1598 505 Archie-

67 525 259 582 piscopo,
294 529 599 564 consenserunt
638 519 761 561 Prior
793 531 836 560 et
867 519 1064 574 supprior
1084 520 1441 562 excommunicati
1461 530 1505 563 et
1526 522 1599 562 alii

69 600 113 625 se
143 583 198 624 ab
234 581 442 624 electione
479 580 729 627 absentare3
758 577 859 618 dum
893 586 1036 619 tamen
1058 576 1128 618 alii
1150 579 1344 634 majoreS,
1367 579 1422 621 de
1443 579 1596 636 quibus

70 649 160 684 erat
181 655 276 695 spes
293 639 408 696 quod
430 637 704 694 eligerentur,
728 651 772 677 se
793 650 891 677 cum
907 635 965 676 eis
982 636 1142 690 pariter
1158 636 1457 691 absentarent:
1481 638 1599 695 quod

69 708 114 741 et
148 699 310 740 factum
344 705 421 738 est.
488 695 619 737 Unde
653 703 695 736 et
728 694 887 735 electus
920 693 1026 735 hora
1046 693 1263 735 electionis
1284 703 1375 736 erat
1403 710 1499 737 cum
1522 698 1595 741 eis.

75 756 299 799 Electione
335 756 458 805 facta,
497 763 595 795 ante
627 751 996 794 confirmationem
1020 751 1186 808 [electi]
1212 752 1398 795 visitavit
1424 754 1600 796 Archie-

72 815 270 871 piscopus
290 812 536 869 Capitulum
556 810 861 860 Dunelmense,
881 824 1077 851 censuras
1093 811 1147 852 ab
1165 825 1217 851 eo
1231 811 1337 853 latas
1355 813 1570 855 revocavit
1586 830 1598 863 ;

72 871 355 928 injunctiones
389 871 516 913 etiam
548 869 736 926 poenales
771 883 848 924 per
886 869 1127 910 Antonium
1158 869 1291 912 factas
1326 870 1534 914 relaxavit
1557 880 1600 914 et

75 941 269 974 mutavit.

273 1223 369 1251 CAP.
393 1224 545 1252 XXXIV.
581 1224 638 1251 DE
663 1223 816 1251 FACTIS
840 1223 975 1251 REGIS
998 1224 1147 1253 MEDIO
1170 1224 1406 1255 TEMPORE,

555 1318 653 1361 [MS.
671 1318 754 1362 Cap.
770 1329 911 1351 cnxvn.
929 1318 986 1351 fol.
1004 1320 1070 1356 207
1088 1319 1136 1360 b.]

140 1414 328 1455 Instante
374 1411 444 1453 die
496 1411 728 1462 electionis,
787 1412 901 1453 misi-t
948 1412 1047 1454 Rex
1098 1413 1309 1455 Comitem
1358 1415 1610 1460 Gloverniae

76 1472 357 1521 Dunelmum,
392 1485 447 1512 ex
477 1480 596 1525 parte
625 1469 752 1525 Regis
775 1469 1099 1525 supplicantem,
1123 1480 1171 1512 ut
1193 1472 1405 1527 quendam
1427 1490 1605 1518 consan-

75 1531 277 1584 guineum
314 1528 506 1570 Antolini
538 1528 591 1569 de
615 1528 784 1583 Pysana
805 1529 1013 1583 eligerent
1034 1528 1078 1569 in
1101 1529 1376 1585 Episcopum,
1401 1533 1602 1590 alienige-

74 1604 174 1630 nam
208 1596 252 1629 et
288 1586 517 1628 conventui
553 1586 763 1640 ignotum,
797 1595 852 1637 et,
887 1595 935 1628 ut
966 1587 1203 1638 dicebatur,
1228 1599 1357 1631 aetate
1377 1591 1602 1637 minorem.

79 1646 250 1687 Habuit
283 1645 360 1686 iste
394 1652 685 1699 promotorem
719 1659 856 1695 suum,
889 1644 962 1701 qui
992 1645 1134 1686 multis
1163 1645 1217 1687 de
1240 1658 1455 1690 conventu
1487 1651 1603 1694 dona

77 1703 244 1753 obtulit,
278 1704 312 1744 si
333 1702 523 1757 accipere
547 1701 791 1743 voluissent.
855 1702 1224 1745 Promittebantur
1244 1705 1372 1747 etiam
1396 1707 1528 1751 Petro
1549 1711 1603 1753 de

77 1763 332 1811 Gaverston,
352 1769 454 1802 tunc
479 1759 587 1814 Regi
609 1759 931 1802 familiarissimo
952 1770 996 1802 et
1019 1761 1181 1803 Comiti
1206 1763 1451 1817 Cornubiae,
1471 1769 1607 1811 multa

74 1820 276 1862 librarum
308 1818 452 1869 millia,
487 1834 543 1860 eo
575 1827 703 1872 pacto
740 1827 788 1859 ut
822 1827 1071 1874 procuraret
1103 1835 1201 1861 eum
1227 1820 1488 1879 Episcopum
1509 1827 1602 1869 fieri

78 1878 427 1921 Dunelmensem.
492 1876 578 1919 Sed
610 1876 805 1917 monachi
844 1877 987 1918 Deum
1020 1877 1217 1920 timentes
1251 1883 1317 1931 [et
1352 1883 1485 1939 magis
1516 1899 1604 1939 prae

77 1936 209 1979 oculis
242 1936 464 1986 habentes,
503 1949 631 1991 quam
663 1949 840 1976 munera
872 1936 941 1977 vel
981 1945 1122 1992 partes
1161 1937 1308 1992 Regis,
1346 1942 1605 1987 monachum

78 1995 314 2050 elegerunt,
358 2002 401 2035 et
440 2008 537 2035 cum
578 1993 737 2035 electus
777 2002 1106 2049 praesentaretur
1148 1995 1272 2053 Regi,
1316 2005 1359 2038 et
1393 1999 1604 2044 niteretur

78 2054 250 2109 quidam
280 2067 484 2095 excusare
506 2064 778 2101 conventum,
802 2051 856 2093 de
877 2067 930 2094 eo
951 2053 1069 2109 quod
1092 2068 1178 2094 non
1200 2054 1424 2098 audierant
1445 2073 1603 2114 praeces

82 2112 228 2166 Regis,
251 2111 435 2168 allegans
457 2110 570 2166 quod
593 2109 831 2165 alienigena
852 2120 895 2152 et
916 2109 1088 2165 ignotus
1109 2120 1201 2154 erat
1221 2112 1293 2163 eis,
1317 2122 1360 2155 et
1383 2115 1533 2169 minor,
1558 2128 1606 2162 ut

80 2178 346 2226 acceperant,
376 2168 542 2211 addidit
566 2167 656 2223 ipse
686 2168 795 2218 Rex,
832 2169 1023 2210 “Adhuc
1043 2170 1165 2224 pejus
1186 2180 1315 2213 restat
1339 2175 1455 2228 quod
1475 2175 1606 2219 frater

84 2227 407 2285 Augustinensis
422 2235 528 2278 erat,
551 2236 596 2268 et
615 2235 832 2281 apostatus
849 2227 951 2268 est.”
1014 2227 1084 2268 Ex
1105 2242 1190 2284 quo
1212 2229 1328 2271 dicto
1349 2241 1467 2285 patet
1488 2237 1606 2290 quod

80 2286 326 2343 frequenter
361 2293 485 2340 rogat
522 2285 618 2326 Rex
653 2299 732 2340 pro
763 2300 829 2335 e0,
865 2285 979 2341 quod
1002 2300 1089 2326 non
1111 2286 1290 2328 multum
1312 2288 1465 2331 insidet
1486 2294 1606 2335 cordi

82 2345 182 2399 ejus.
249 2345 408 2385 Iterum
444 2357 541 2384 cum
577 2343 734 2384 electus
770 2343 1045 2384 confirmatu—s
1082 2352 1206 2394 esset,
1229 2354 1478 2400 accepturus
1500 2359 1605 2392 tem-

83 2402 246 2456 poralia
285 2417 310 2443 a
349 2402 483 2458 Rege,
527 2410 571 2442 et
612 2401 708 2442 Rex
744 2401 1011 2455 disposuerat
1033 2400 1201 2443 mittere
1227 2403 1485 2458 justiciarios
1508 2424 1605 2452 suos

80 2459 327 2501 itinerantes
348 2458 392 2499 in
414 2459 716 2513 episcopatum,
738 2457 930 2499 homines
952 2459 1235 2513 episcopatus,
1266 2462 1610 2516 conjecturantes

81 2517 329 2559 vexationes
351 2524 394 2557 et
412 2516 601 2570 jacturas
624 2531 677 2557 ex
698 2516 779 2556 hoc
800 2515 859 2557 eis
879 2524 1168 2571 proventuraS,
1191 2519 1402 2573 rogabant
1422 2522 1609 2568 electum

82 2586 131 2617 ut
162 2574 498 2631 redemptionem
530 2574 702 2623 faceret,
732 2582 775 2615 et
796 2573 872 2628 ipsi
893 2574 950 2615 eis
973 2577 1075 2627 [ita]
1099 2575 1382 2619 retribuerent
1404 2582 1605 2639 quicquid

84 2634 197 2675 circa
219 2635 300 2675 hoc
322 2632 572 2675 effunderet.
637 2631 809 2673 Electus
842 2647 942 2673 vero
964 2633 1309 2676 condescendens
1331 2636 1389 2678 eis
1411 2640 1606 2698 redemp-

84 2691 242 2733 tionem
274 2691 389 2740 fecit,
413 2690 521 2731 datis
544 2689 655 2730 mille
681 2689 843 2740 marcis,
869 2691 943 2732 sed
965 2691 1258 2747 redemptione
1283 2694 1392 2738 facta
1413 2695 1608 2743 homines

85 2749 349 2805 episcopatus
372 2747 565 2791 denarios
588 2748 818 2791 retribuere
841 2749 1110 2801 noluerunt‚]
