1807 2962
439 62 717 94 APPENDIX.
757 60 877 91 ANN.
906 57 1204 89 MCCCCLVII.
1450 39 1599 87 cccxli

179 389 304 422 CCLv.
338 392 680 420 TESTAMENTUM
705 391 873 419 DOMINI
898 390 1104 418 ROBERTI
1127 388 1294 417 NEVILL
1318 388 1472 415 NUPER

179 451 382 478 EPISCOPI
400 449 996 480 DUNELMENsls-—NL'NQUAM
1013 448 1169 475 TAMEN
1187 447 1293 474 FUIT
1305 447 1474 474 APPRO-

179 507 339 535 BATUM
365 509 422 535 UT
446 508 616 535 POSTEA
639 507 857 534 APPARET.

450 597 555 645 [Reg.
574 601 708 634 Boothe
724 601 930 644 Archiepisc.
948 601 1048 633 Ebor.
1067 600 1090 632 f.
1111 602 1208 642 352]

123 694 175 736 In
198 694 366 736 nomine
388 709 564 735 summae
581 709 630 735 ac
646 702 805 734 sanctae
823 702 865 734 et
884 693 1113 734 individuae
1132 690 1370 741 Trinitatis,
1393 692 1530 732 Patris
1549 702 1592 732 et

65 753 161 795 Filii
193 762 237 795 et
270 752 451 808 Spiritus
487 753 644 801 Sancti,
675 753 828 792 Arnen.
893 751 987 805 Ego
1015 752 1227 791 Robertus
1255 749 1592 804 Nevil,per1nis-

64 811 182 852 sione
219 810 377 852 Divina
404 811 457 850 D.
455 809 697 850 melmensis
723 810 970 874 Episcopus,
995 808 1185 865 quamvis
1210 808 1383 862 indigne
1406 823 1591 861 assump-

63 877 145 918 tus,
184 883 357 923 compos
388 868 539 909 mentis
576 876 619 908 et
647 882 759 908 sanae
791 867 1022 916 memorie,
1047 866 1240 921 cor-pons
1264 876 1402 907 tamen
1427 866 1509 906 mei
1532 866 1592 905 in—

63 926 298 967 valitudine
330 926 618 980 multipliciter
638 925 852 979 fatigatus,
878 925 1149 966 considemus
1171 933 1214 965 et
1237 924 1501 978 perpendens
1525 939 1592 963 me

63 984 206 1024 multis
238 984 514 1024 incommodis
542 999 619 1049 pei
641 983 972 1024 imbecillitatem
996 982 1077 1024 mei
1100 997 1172 1023 cm
1176 997 1286 1036 pons
1309 981 1594 1022 diversimode

65 1043 299 1097 subjace1e‚
336 1043 503 1082 intuens
536 1042 675 1082 eciam
700 1050 742 1081 at
765 1041 988 1082 attendens
1011 1042 1118 1081 vires
1142 1055 1255 1081 meas
1276 1040 1516 1094 coqzmrdes
1539 1039 1592 1079 de

64 1099 133 1140 die
170 1099 212 1140 in
248 1099 363 1141 diem
395 1099 525 1140 minui
560 1108 602 1140 et
630 1098 813 1149 dissolvi,
846 1114 894 1140 ac
918 1099 1151 1163 periculum
1177 1098 1338 1147 mortis,
1362 1113 1445 1153 qua
1468 1096 1594 1137 nichil

65 1157 267 1208 securius,
306 1157 432 1198 michi
466 1157 744 1198 veiisimiliter
776 1157 1010 1206 imminem,
1040 1172 1092 1197 ne
1115 1156 1243 1212 igitur
1265 1156 1403 1196 subita
1424 1164 1495 1196 aut
1519 1156 1594 1195 im-

63 1215 232 1270 provisa
263 1225 414 1265 morte,
449 1215 566 1269 cujus
607 1216 712 1256 hora
745 1215 870 1257 nichil
892 1214 1112 1264 incerciuffi
1137 1213 1356 1269 praeveniri
1379 1223 1419 1254 et
1441 1213 1493 1254 ab
1516 1213 1595 1253 hac.

64 1274 159 1314 luce
181 1273 369 1314 subtrahi
389 1289 456 1314 me
474 1273 706 1327 contingat,
724 1275 1048 1316 Testamentum
1068 1287 1208 1313 meum
1227 1271 1448 1326 disponere
1469 1270 1596 1312 statui

65 1332 143 1372 sub
171 1331 249 1372 hae
271 1331 420 1372 forma.
485 1332 532 1372 In
555 1331 713 1386 primis,
738 1332 993 1373 commendo
1014 1332 1195 1372 animam
1218 1345 1356 1370 meam
1380 1329 1596 1370 immensae

65 1389 366 1430 misericordiae
390 1390 475 1431 Dei
497 1389 817 1443 omnipotentis,
841 1388 1239 1444 gloriosissimaeque
1256 1387 1408 1444 virgini
1441 1387 1593 1428 Marias

66 1449 190 1488 matri
223 1462 323 1497 suae,
349 1462 511 1488 necnon
536 1447 799 1489 sanctissimo
821 1446 1050 1488 confessori
1073 1456 1219 1487 saneto
1244 1446 1496 1494 Cuthbert0‚
1521 1460 1596 1499 pa-

64 1516 189 1546 trono
208 1521 317 1555 meo,
342 1514 385 1546 et
407 1506 603 1546 omnibus
631 1505 808 1556 Sanctis,
828 1520 1066 1561 corpusque
1089 1519 1230 1545 meum
1248 1503 1534 1559 sepeliendum
1555 1503 1594 1542 in

70 1563 238 1604 Galilea
274 1563 459 1604 eeclesiae
497 1563 760 1605 Cathedralis
800 1562 1102 1605 Dunelmensis
1131 1562 1260 1617 juxta
1280 1562 1485 1603 feretrum
1507 1561 1593 1601 sive

66 1622 259 1662 tum-bam
283 1620 547 1662 Venerabilis
570 1623 698 1675 patris
719 1621 851 1663 sancti
879 1621 1027 1670 Bedae‚
1051 1630 1150 1661 ante
1164 1620 1298 1661 altare
1314 1620 1369 1660 ad
1386 1620 1596 1660 honorem

65 1679 257 1733 ejusdem
291 1678 423 1720 sancti
456 1688 759 1720 constructum.
822 1679 895 1720 Do
928 1679 1059 1720 eciam
1097 1686 1141 1719 et
1162 1678 1257 1732 lego
1280 1693 1356 1732 pro
1378 1677 1597 1732 sepultura

67 1751 164 1778 mea
195 1736 352 1778 ibidem
390 1736 506 1778 dicto
532 1736 832 1792 gloriosissimo
858 1737 1098 1778 Confessori
1121 1746 1268 1777 sancto
1292 1735 1532 1778 Cuthberto
1554 1746 1598 1776 et

66 1794 260 1836 eeclesiae
283 1809 370 1835 suae
392 1795 609 1849 praedictae
631 1811 762 1836 unum
785 1795 997 1852 integrum
1020 1802 1061 1835 et
1084 1794 1289 1848 optimum
1313 1809 1454 1834 meum
1473 1794 1599 1834 vesti-

65 1860 258 1894 mentum
291 1852 344 1894 de
373 1867 513 1907 panno
550 1868 677 1894 aureo
708 1854 828 1894 rubei
849 1853 1030 1894 colmis-
1020 1884 1030 1901 ,
1062 1852 1260 1893 videlicet
1282 1866 1408 1893 unam
1432 1866 1595 1906 capam,

64 1925 196 1951 unam
235 1910 432 1960 casulam,
476 1911 581 1952 duas
623 1911 852 1959 tuniculos‚
895 1925 990 1951 cum
1032 1919 1126 1951 toto
1161 1919 1367 1965 appaiatu
1406 1909 1598 1965 ejusdem

67 1969 383 2011 sectae.1tem
405 1968 503 2009 volo
524 1978 568 2010 et
589 1969 740 2010 ordino
762 1968 876 2025 quod
898 1968 1120 2010 familiares
1143 1983 1226 2009 mei
1248 1967 1423 2033 hospicii
1448 1981 1600 2008 omnes

67 2035 112 2067 et
142 2025 295 2081 singuli
327 2027 513 2068 habeant
545 2037 588 2068 et
619 2027 854 2083 percipiant
875 2042 950 2068 sua
973 2026 1098 2067 feoda
1119 2026 1286 2080 integra
1302 2026 1361 2067 eis
1384 2034 1422 2066 et
1448 2040 1596 2066 eorum

67 2083 241 2125 cuilibet
263 2092 387 2125 antea
408 2085 553 2126 debita
573 2093 615 2126 et
638 2101 692 2126 ex
714 2100 808 2126 mea
830 2085 1001 2139 speciali
1021 2085 1165 2141 gracia
1187 2084 1345 2125 eisd-em
1368 2083 1420 2124 ad
1444 2083 1598 2124 festum

68 2142 203 2183 sancti
242 2141 419 2182 Martini
454 2142 493 2182 in
526 2143 663 2183 hieme
690 2143 780 2197 jam
816 2142 1011 2197 proxime
1044 2141 1232 2183 futurum
1256 2156 1467 2182 concessa.
1531 2141 1600 2181 Ita.

68 2199 185 2255 quod
207 2199 337 2240 iidem
358 2200 583 2241 familiares
604 2200 700 2250 mei,
726 2201 759 2241 si
782 2201 1003 2249 voluerint,
1023 2199 1063 2240 in
1081 2199 1273 2254 hospicio
1291 2214 1385 2240 meo
1406 2199 1460 2239 de
1480 2199 1599 2239 Auk-

68 2257 172 2298 land
207 2272 339 2312 usque
371 2257 413 2297 in
446 2257 598 2298 festum
636 2258 888 2312 praedictum
925 2257 1092 2298 insimul
1122 2264 1597 2311 permaneant‚,mutuo

69 2314 311 2369 dilige-ntes,
331 2315 502 2356 edentes
516 2315 647 2356 eciam
665 2324 709 2356 et
724 2316 921 2356 bibentes
943 2314 1181 2369 sumptibus
1201 2314 1302 2355 meis
1324 2324 1368 2355 et
1388 2316 1599 2369 expensis.

71 2373 182 2414 Item
203 2373 302 2414 volo
322 2381 366 2413 et
388 2373 576 2414 concedo
598 2373 712 2428 quod
734 2372 860 2414 iidem
884 2372 1107 2413 familiares
1125 2371 1220 2421 mei,
1245 2371 1355 2412 ultra
1377 2386 1452 2412 sua
1473 2372 1603 2413 feoda

71 2430 219 2472 debita
249 2439 292 2471 et
321 2445 534 2480 concessa,
551 2432 680 2484 juxta
700 2430 978 2471 discreciones
1000 2438 1278 2470 executorum
1300 2437 1343 2470 et
1364 2431 1602 2483 superviso-

70 2503 165 2529 rum
187 2503 379 2529 meorum
409 2503 485 2543 per
515 2488 690 2529 modum
711 2487 1064 2529 remuneracionis
1086 2487 1244 2543 aliquid
1276 2487 1536 2541 percipiant;
1569 2488 1603 2528 si

72 2555 117 2587 et
139 2554 347 2602 quatenus
382 2547 493 2588 bona
515 2562 622 2596 mea,
646 2546 798 2587 debitis
821 2545 922 2586 meis
944 2544 1104 2595 solutis,
1128 2555 1172 2586 et
1188 2545 1380 2586 deductis
1404 2545 1605 2586 oneribus

72 2603 332 2654 necessari-is,
367 2605 421 2645 ad
453 2605 533 2646 hoc
565 2603 786 2645 sufficiant.
850 2604 959 2645 Item
992 2603 1048 2644 do
1070 2612 1112 2644 et
1135 2603 1230 2660 lego
1255 2602 1436 2643 Thomae
1461 2603 1604 2653 Neu-il,

73 2661 221 2703 scolari
237 2661 277 2702 in
295 2671 442 2703 tenera
463 2671 589 2703 aetate
613 2662 861 2710 constituto,
886 2662 938 2702 ad
955 2661 1266 2702 exhibicionem
1282 2675 1411 2709 suam,
1432 2671 1606 2702 centum

73 2734 247 2763 marcas,
314 2720 421 2769 Item
455 2721 511 2762 do
548 2729 590 2761 et
626 2720 722 2774 lego
757 2719 985 2773 Radulpho
1011 2715 1166 2771 Nevill,
1192 2718 1311 2760 fratri
1333 2719 1598 2775 suojuniori,

806 2792 831 2818 Y
866 2781 890 2819 3
