1807 2962
202 123 294 155 XXX
510 124 646 156 HIST.
675 122 912 154 DUNELM.
937 122 1240 154 SCRIPTORES
1260 123 1399 154 TRES.

201 239 338 272 sentes
359 229 470 281 estis,
495 230 629 271 sciant
660 242 703 271 et
735 230 893 285 posteri
915 229 1057 279 vestri,
1081 230 1194 286 quod
1218 245 1299 284 ego
1323 228 1575 285 Ranulphus
1601 229 1723 284 Epis-

200 303 330 344 copus
371 289 552 331 eandem
592 288 832 329 libertatem
883 289 1073 329 ecclesiae
1114 298 1270 329 sanctae
1315 288 1468 329 Mariae
1508 296 1550 328 et
1590 289 1722 329 sancti

201 347 444 396 Cuthberti,
469 356 511 388 et
544 346 758 387 monachis
790 346 832 386 in
856 347 1003 387 eadem
1027 346 1203 387 eeclesia
1226 346 1324 388 Deo
1346 345 1641 396 servientibus,
1665 347 1722 386 do

197 414 244 446 vet
277 406 483 455 concedo,
522 419 648 460 quarn
683 405 832 445 eadem
855 404 1032 445 ecclesia
1064 413 1106 445 et
1128 405 1279 445 fratres
1300 403 1342 444 in
1365 405 1513 445 eadem
1536 418 1724 444 commo-

200 472 344 504 rantes
377 464 627 512 habuerant,
663 477 713 503 ea
745 462 813 503 die
846 477 930 518 qua
966 462 1020 503 ad
1043 462 1348 518 Episcopatum
1372 462 1721 510 Dunelmensem,

202 521 288 562 Dei
308 521 455 576 gratia,
479 536 563 561 non
596 521 697 561 meis
729 520 900 570 meritis,
925 530 1193 562 consecratus
1215 535 1303 561 sum
1322 536 1332 569 3
1365 529 1450 561 tam
1473 519 1514 560 in
1538 519 1723 560 ecclesiis

200 594 326 635 quam
348 579 392 620 in
415 578 535 629 villis,
560 587 603 619 et
624 578 665 618 in
686 580 821 628 terriS,
845 588 888 619 et
909 578 950 619 in
973 578 1098 628 silvis,
1124 588 1166 619 et
1185 578 1226 619 in
1252 578 1384 634 aquis,
1400 587 1444 619 et
1465 577 1505 618 in
1527 577 1723 618 omnibus

202 637 292 678 aliis
312 638 452 687 rebus,
491 636 642 693 quibus
674 636 866 691 praedicti
887 636 1038 677 fratres
1061 637 1208 678 eadem
1232 636 1300 677 die
1324 635 1455 678 saisiti
1477 644 1518 677 et
1541 634 1725 676 investiti

202 703 337 736 erant.
401 695 466 736 Ea
499 710 599 736 velo
633 695 789 744 omnia,
825 710 921 750 quae
956 695 1013 736 eis
1042 695 1263 736 voluntate
1300 702 1342 736 et
1376 693 1609 749 cupiditate
1630 708 1726 734 mea

202 753 473 818 abstuleram,
509 752 648 794 sciatis
680 768 748 793 me
781 752 935 794 eisdem
970 753 1283 808 imperpetuum
1321 752 1592 808 possidenda,
1625 750 1726 792 mali

204 811 306 852 facti
327 810 539 865 poenitens
572 819 615 852 et
652 810 981 851 misericordiam
1020 826 1228 866 quae1ens,
1265 825 1391 865 super
1424 810 1556 851 altare
1590 808 1726 851 sancti

206 868 433 911 Cuthberti
469 883 543 923 per
579 868 782 910 annulum
818 869 1066 910 reddidisse.
1133 868 1332 911 Concessi
1364 868 1490 910 etiam
1516 866 1651 908 Priori
1683 876 1728 908 et

205 927 278 978 eis,
302 936 349 968 ut
381 927 436 968 ad
466 926 789 981 disposicionem
814 942 954 968 rerum
975 942 1143 968 suarum
1166 927 1341 968 liberam
1372 926 1414 966 in
1437 925 1632 967 omnibus
1653 926 1728 967 ha-

206 986 336 1026 beant
357 985 601 1026 facultatem
620 1000 630 1033 3
664 994 706 1026 et
729 985 865 1024 nullus
899 985 958 1025 eis
981 1000 1106 1039 super
1126 986 1220 1034 hoc,
1246 1000 1404 1040 quaeso,
1428 984 1478 1025 sit
1502 984 1726 1032 molestus3

206 1044 282 1084 sed
313 1045 355 1084 in
386 1043 464 1083 hiis
482 1043 584 1084 etin
608 1043 803 1083 omnibus
834 1043 939 1092 aliis,
964 1058 1059 1098 quae
1081 1044 1138 1084 eis
1161 1052 1268 1084 teste
1291 1043 1392 1084 Deo
1416 1042 1616 1092 concessi,
1639 1042 1729 1097 ple-

206 1117 306 1142 nam
338 1116 393 1142 ex
426 1102 593 1155 integro
615 1101 799 1141 habeant
820 1109 1093 1155 potestatem.
1156 1102 1310 1142 Testes
1337 1100 1552 1141 Robertus
1576 1099 1728 1142 Archi-

206 1159 425 1209 diaconus,
471 1168 514 1199 et
559 1158 852 1212 Rannulphus,
912 1167 955 1199 et
997 1158 1204 1200 Osbertus
1244 1173 1379 1215 nepos
1427 1158 1641 1214 Episcopi,
1683 1166 1728 1199 et

211 1217 422 1273 Rogerius
446 1217 585 1257 Coisn'
609 1226 652 1257 et
674 1216 757 1257 alii.

326 1460 420 1487 XXI.
468 1458 613 1487 CARTA
636 1457 876 1485 RANULPHI
912 1459 1058 1486 SUPER
1097 1459 1431 1486 RESTITUCIONE
1467 1458 1613 1487 BONO-

537 1517 635 1543 RUM
661 1516 762 1548 QUAE
785 1518 811 1543 A
834 1516 1067 1545 MONACHIS
1091 1516 1399 1547 ABSTULERAT.

799 1595 910 1636 [Cart.
931 1596 958 1627 Ι.
972 1595 995 1628 f.
1015 1596 1067 1631 71.
1084 1596 1132 1636 b.]

267 1672 522 1728 Ranulphus
566 1672 864 1713 Dunelmensis
911 1673 1144 1728 Episcopus
1187 1673 1382 1715 omnibus
1420 1673 1731 1715 successoribus

206 1732 291 1774 suis
313 1740 357 1773 et
379 1730 641 1786 parochianis
665 1740 707 1771 et
729 1731 971 1773 hominibus
1005 1732 1199 1773 fidelibus
1219 1733 1351 1773 sancti
1376 1731 1602 1774 Cuthberti
1625 1732 1734 1773 salu-

209 1800 294 1832 tem
336 1799 379 1830 et
415 1788 773 1832 benedictionem.
859 1790 1011 1831 Sciatis
1053 1805 1120 1831 me
1157 1790 1390 1831 reddidisse
1428 1790 1602 1831 domino
1639 1805 1733 1832 meo

208 1856 356 1889 sancto
381 1847 634 1896 Cuthberto,
659 1855 701 1887 et
723 1848 938 1887 monachis
961 1849 1063 1902 ejus,
1088 1849 1242 1898 omnia,
1263 1863 1358 1903 quae
1379 1848 1438 1889 eis
1460 1848 1732 1898 abstuleram,

207 1915 434 1961 postquam
472 1904 776 1968 Episcopatum
814 1905 998 1945 accessi·
987 1936 999 1953 ,
1033 1906 1193 1947 scilicet
1223 1906 1486 1946 oblacionem
1510 1906 1667 1956 altaris,
1692 1917 1736 1947 et

211 1965 471 2017 sepulturam
505 1961 760 2012 cimiterii,e
739 1972 780 2003 et
804 1972 955 2003 teriam
983 1963 1093 2004 ultia
1114 1979 1139 2018 p
1127 1973 1287 2004 01115111
1312 1964 1659 2014 Dunelmensem,
1694 1973 1737 2006 51

217 2021 515 2075 Staindropam
566 2034 661 2060 cum
709 2021 792 2060 suis
833 2021 1108 2076 appendiciis,
1152 2031 1194 2063 et
1237 2021 1570 2071 Bleikestunarn,
1613 2031 1656 2064 et
1696 2022 1738 2063 in

216 2079 462 2121 leestuna
497 2092 625 2118 unam
656 2088 897 2119 carucatam
920 2087 1058 2129 terrae,
1084 2089 1125 2120 et
1151 2079 1327 2121 Burdun
1357 2094 1452 2120 cum
1485 2079 1617 2121 solitis
1639 2095 1740 2121 con-

212 2135 519 2202 suetudinibuS,
544 2144 586 2176 et
617 2136 835 2177 ecclesiam
869 2137 922 2177 de
947 2137 1189 2191 Siggestun.
1255 2137 1362 2178 Haec
1396 2148 1439 2179 et
1475 2139 1619 2179 omnia
1639 2138 1736 2188 alia,

214 2204 300 2236 tam
324 2195 367 2235 in
389 2193 574 2235 ecclesiis
597 2208 722 2249 quam
745 2194 784 2234 111
808 2194 928 2244 villis,
948 2205 991 2236 et
1012 2195 1052 2235 in
1077 2195 1207 2246 ten-is,
1228 2195 1325 2236 etin
1345 2195 1475 2262 aquis,
1495 2206 1536 2236 et
1555 2196 1594 2236 in
1611 2196 1737 2260 silvis,

214 2264 258 2295 et
288 2254 330 2294 in
366 2251 513 2307 planiS,
549 2259 592 2292 et
624 2267 667 2292 111
699 2252 894 2293 omnibus
926 2253 1014 2293 aliis
1043 2254 1183 2304 iebus,
1208 2253 1320 2294 unde
1342 2254 1470 2294 saisiti
1493 2262 1533 2294 et
1556 2253 1740 2295 investiti

216 2327 262 2352 51
265 2320 352 2361 ant
376 2310 444 2351 die
465 2325 549 2365 qua
573 2309 874 2364 Episcopatum
896 2311 1228 2353 Dunelmensem
1247 2311 1405 2366 accepi,
1429 2313 1585 2353 Sancto
1605 2311 1741 2353 Cuth-

217 2371 341 2411 berto
373 2377 415 2410 et
446 2367 661 2408 monachis
693 2369 783 2423 ejus
816 2384 943 2424 super
974 2369 1105 2410 altare
1138 2385 1214 2425 per
1237 2385 1364 2410 unum
1388 2370 1592 2410 annulum
1614 2385 1742 2425 spon-

220 2437 344 2468 tanea
377 2426 596 2468 voluntate
630 2426 811 2470 reddidi.
880 2427 1081 2468 Concessi
1115 2428 1243 2468 etiam
1283 2428 1417 2468 Priori
1449 2437 1491 2469 et
1523 2428 1594 2478 eis,
1618 2437 1665 2469 ut
1686 2427 1740 2468 ad

220 2484 547 2541 disposicionem
582 2484 771 2525 omnium
809 2499 949 2526 rerum
985 2501 1154 2527 suarum
1189 2486 1297 2527 infra
1319 2486 1539 2526 ecclesiam
1561 2496 1603 2527 51
1620 2498 1742 2526 extra

218 2547 261 2586 in
292 2542 489 2584 omnibus
511 2542 686 2583 liberam
719 2544 906 2584 habeant
937 2543 1196 2594 facultatem,
1232 2560 1281 2585 ea
1302 2544 1524 2598 dignitate,
1547 2544 1741 2584 libertate

222 2609 264 2642 et
297 2601 456 2641 honore
493 2609 535 2641 et
568 2601 827 2655 quietudine,
863 2616 947 2656 qua
980 2617 1179 2658 umquam
1213 2603 1361 2643 melius
1392 2611 1433 2643 et
1455 2601 1742 2643 honorabilius

223 2659 428 2699 hactenus
462 2658 715 2702 habuerunt.
780 2659 933 2700 Testes
968 2660 1176 2702 Osbertus
1209 2675 1339 2716 nepos
1372 2659 1588 2715 Episcopi,
1622 2667 1663 2700 et
1691 2658 1743 2700 R.

225 2727 266 2757 51
288 2716 392 2759 aliis.
