1807 2962
209 94 298 142 cxii
495 109 631 142 HisT.
659 109 894 143 DUNELM.
923 111 1231 145 SCRIPTORES
1257 114 1397 147 TREs.

209 215 332 258 dictis
354 218 509 258 nostris
532 217 704 260 civitate
742 226 785 260 et
807 218 965 260 diocesi
989 219 1043 260 de
1065 219 1401 278 quibuscumque
1423 222 1614 277 personis
1647 223 1734 265 fac-

209 283 347 316 tarum
384 277 576 329 negocia,
610 291 659 317 ac
698 277 857 318 electos
891 292 1183 334 quoscumque
1220 280 1263 320 in
1299 279 1435 322 forma
1459 281 1567 336 juris
1590 282 1735 324 debita

208 333 502 384 confirmandi,
542 343 584 375 et
622 344 710 375 tam
749 335 803 376 de.
836 335 1082 376 criminibus
1119 347 1163 377 et
1194 339 1439 380 excessibus
1470 340 1733 383 subditorum

208 400 452 432 nostrorum
484 393 732 433 clericorum
769 402 811 434 et
844 393 1046 435 laicorum
1085 409 1212 450 quam
1245 396 1299 438 de
1328 398 1555 440 vacacione
1576 400 1738 442 benefi-

210 449 372 490 ciorum
410 450 697 506 quorumlibet
733 451 920 506 ipsarum
958 451 1138 493 civitatis
1172 462 1215 495 et
1247 454 1478 507 dioceseos,
1503 467 1545 499 et
1581 458 1635 499 de
1658 458 1735 499 hiis

211 522 308 563 quae
330 507 441 549 circa
457 522 506 549 ea
541 509 775 550 necessaria
795 509 954 551 fuerint
985 511 1051 552 vel
1073 522 1326 567 opportuna,
1350 515 1602 571 inquirendi,
1627 532 1737 572 prae-

212 565 564 622 sentacionesque
586 566 637 608 ad
662 567 870 609 beneficia
889 568 1133 625 hujusmodi
1155 570 1301 621 factas,
1325 581 1367 614 et
1388 583 1667 628 praesentatos
1684 575 1739 616 ad

213 623 363 665 eadem
400 624 668 676 admittendi,
699 639 740 667 et
761 626 872 681 ipsos
893 627 1143 670 instituendi
1164 629 1208 685 in
1228 630 1402 682 eisdem,
1426 647 1474 673 ac
1496 634 1739 690 exequendi

214 681 389 723 ulterius
411 683 528 738 quod
550 683 772 735 incumbit,
794 685 1045 740 corrigendi,
1069 687 1344 739 reformandi,
1362 698 1405 731 et
1426 691 1645 745 puniendi,
1665 707 1741 733 ex-

215 755 370 790 cessus,
395 741 582 791 crimina,
606 751 648 783 et
668 742 876 793 defectus,
892 744 1037 786 literas
1052 745 1309 788 dimissorias
1324 748 1577 791 sufficientes
1595 750 1740 792 titulos

214 798 471 840 habentibus
495 799 536 840 in
559 800 696 841 forma
726 801 931 843 canonica
953 804 1230 854 concedendi,
1255 804 1296 845 in
1325 806 1457 847 causis
1487 815 1531 848 et
1553 807 1741 863 negociis

216 857 524 910 cognoscendis
561 859 872 912 pronunciandi
906 869 948 902 et
985 862 1240 918 exequendi,
1279 878 1328 905 ac
1364 865 1558 916 faciendi,
1593 874 1636 907 et
1668 881 1742 907 ex-

217 914 419 970 pediendi
456 916 597 957 omnia
632 925 675 957 et
711 917 888 972 singula,
914 934 1009 974 quae
1047 921 1101 961 ad
1135 921 1317 962 officium
1354 923 1513 964 Vicarii
1534 924 1744 979 generalis

218 973 273 1014 de
307 972 405 1027 jure
444 982 648 1028 poterunt
684 976 1006 1031 quomodolibet
1042 978 1267 1033 pertinere,
1292 980 1523 1023 collacione
1556 981 1742 1024 omnium

218 1030 543 1082 beneficiorum,
568 1047 664 1088 quae
686 1034 908 1076 occasione
923 1035 1031 1089 juris
1053 1036 1184 1077 nostri
1210 1046 1461 1092 patronatus
1483 1056 1558 1083 seu
1580 1050 1742 1096 tempo-

218 1089 275 1130 ris
311 1089 451 1144 lapsus
481 1090 535 1131 ad
571 1099 759 1132 nostram
791 1092 1067 1134 collacionem
1088 1095 1315 1149 pertinent,
1349 1108 1422 1139 aut
1453 1101 1495 1140 in
1528 1109 1743 1155 posterum

220 1147 509 1203 pertinebunt,
543 1148 664 1189 nobis
686 1149 784 1204 ipsis
817 1150 1006 1192 totaliter
1034 1162 1259 1204 reservata,
1284 1157 1402 1197 vobis
1424 1159 1680 1213 conjunctim
1701 1169 1743 1199 est

221 1205 387 1247 divisim
424 1206 693 1247 concedimus
730 1223 778 1249 ac
812 1209 1113 1261 transferimus,
1146 1210 1189 1252 in
1220 1228 1305 1264 vos,
1330 1223 1371 1256 et
1393 1226 1577 1257 vestrum
1601 1231 1743 1274 quem-
1805 1258 1807 1270 1

221 1263 327 1305 libet
344 1263 384 1303 in
407 1264 605 1313 solidum,
628 1275 900 1320 potestatem,
927 1267 1035 1309 vices
1057 1279 1234 1321 nostras,
1258 1287 1354 1313 cum
1376 1284 1587 1329 potestate
1609 1275 1746 1329 cujus·
1806 1276 1807 1279 ’

221 1322 326 1363 libet
362 1321 625 1363 cohercionis
658 1325 872 1367 canonicae
909 1326 1028 1368 vobis
1060 1326 1104 1368 in
1137 1328 1214 1369 hiis
1247 1338 1290 1371 et
1322 1347 1372 1373 ea
1407 1333 1746 1388 contingentibus

224 1380 485 1435 conjunctim
524 1390 567 1422 et
603 1380 768 1424 divisim
801 1393 848 1425 ut
881 1387 1156 1440 praemittitur
1178 1390 1506 1431 committentes.
1582 1392 1744 1433 Valete.

226 1438 345 1479 Data
370 1439 483 1493 apud
510 1439 729 1492 Alverton,
753 1457 861 1484 xxv1
884 1443 953 1484 die
980 1443 1248 1497 Novembris,
1272 1462 1384 1489 anno
1408 1449 1584 1491 Domini
1617 1450 1747 1491 mille·

225 1496 330 1539 simo
354 1502 483 1539 cccm⁰
504 1498 774 1545 duodecimo.
842 1500 899 1543 Et
919 1503 1192 1558 pontificatus
1214 1506 1347 1547 nostri
1366 1508 1569 1553 secundo,

457 1764 587 1796 XCIII.
623 1765 792 1794 LITERA
815 1766 1179 1797 FRATERNITATIS
1199 1771 1236 1800 J.
1258 1771 1315 1798 DE
1339 1771 1533 1804 SURRYE,

832 1844 934 1890 [Reg.
953 1844 1004 1879 ΙΙ.
1021 1846 1078 1879 fol.
1091 1850 1134 1879 53
1149 1849 1163 1889 ]

298 1919 514 1962 Universis
554 1919 711 1961 Christi
747 1921 957 1972 fidelibus,
995 1932 1224 1978 praesentes
1247 1926 1388 1969 literas
1411 1929 1671 1986 inspecturiS,
1696 1934 1754 1976 G.

238 1976 362 2018 Prior
393 1977 582 2018 ecclesiae
607 1977 904 2019 Dunelmensis
927 1989 968 2021 et
989 1981 1179 2035 ejusdem
1199 1984 1281 2025 loci
1309 1986 1556 2030 Conventus
1577 1991 1756 2033 salutem

237 2034 280 2075 in
327 2036 517 2075 omnium
550 2035 785 2077 salvatore.
811 2036 1026 2079 Modestia
1067 2039 1283 2082 militantis
1315 2046 1520 2097 ecclesiae,
1554 2048 1757 2091 doctrinis

235 2091 400 2134 imbuta
420 2092 685 2147 evangeliciS,
709 2093 887 2136 inhaeret
919 2096 1102 2151 vestigiis
1120 2099 1351 2143 salvatoris
1373 2103 1550 2147 dicentis
1576 2113 1604 2132 “
1622 2108 1757 2163 petite

237 2160 282 2192 et
303 2151 528 2206 accipietis„
553 2152 718 2206 pulsate
750 2161 790 2193 et
822 2153 1032 2207 aperietur
1062 2156 1220 2199 vobis.”
1288 2159 1374 2207 Qui
1394 2162 1494 2204 licet
1516 2180 1571 2205 ex
1593 2166 1758 2207 habun-

238 2208 389 2250 dancia
425 2210 704 2264 promptuarii
735 2209 906 2264 pietatis
944 2213 1138 2255 omnibus
1172 2231 1270 2258 eum
1292 2218 1445 2262 devote
1466 2221 1756 2266 invocantibus

236 2266 439 2323 propinat
475 2275 519 2307 et
552 2267 765 2309 distribuit
798 2268 1033 2321 affluenter,
1057 2273 1172 2326 prius
1204 2283 1346 2317 tamen
1367 2293 1411 2320 se
1433 2280 1520 2334 peti
1541 2282 1757 2337 postulat3

239 2334 286 2367 ut
317 2325 375 2366 sic
407 2325 610 2380 pulsantis
633 2326 880 2368 instanciam
902 2338 1144 2372 remuneret
1165 2332 1348 2375 liberalis
1370 2337 1658 2380 munificentia
1678 2340 1760 2382 lar-

238 2383 400 2441 gitoris.
469 2383 526 2425 Et
545 2383 644 2441 quia
661 2399 807 2425 omnes
833 2385 989 2428 Christi
1011 2388 1195 2431 actiones
1216 2405 1360 2434 nostra
1381 2403 1445 2436 est
1466 2397 1701 2448 instructio,
1725 2399 1760 2439 si

239 2457 336 2483 vere
359 2441 551 2496 discipuli
574 2442 663 2497 ejus
685 2458 774 2484 esse
796 2443 1002 2496 volumus,
1027 2454 1068 2487 et
1091 2450 1235 2490 matris
1253 2460 1408 2493 nostrae
1426 2455 1614 2496 ecclesiae
1634 2456 1758 2498 liberi

240 2500 461 2550 nominari,
486 2515 641 2557 negare
672 2516 758 2541 non
781 2516 1000 2556 possumus
1022 2504 1095 2546 ubi
1116 2522 1221 2561 opus
1242 2509 1404 2563 petitur
1422 2512 1622 2564 caritatis,
1646 2530 1758 2570 quae,

241 2566 404 2614 quanto
445 2557 636 2600 diffusius
673 2558 798 2600 fuerit
835 2560 1073 2613 distributa,
1114 2573 1235 2606 tanto
1263 2567 1393 2609 lacius
1429 2571 1677 2613 extenditur
1717 2583 1760 2616 et

242 2625 437 2670 augetur.
505 2616 636 2657 Unde
674 2631 822 2672 nuper,
858 2619 1123 2674 supplicante
1160 2624 1281 2665 nobis
1311 2627 1443 2668 nobili
1472 2628 1560 2670 viro
1588 2630 1761 2673 domino

241 2674 440 2716 Johanne
477 2673 531 2714 de
574 2675 793 2716 Warenna
814 2677 970 2719 comite
1012 2679 1182 2736 Surrye,
1207 2683 1321 2738 quod
1344 2684 1481 2738 ipsum
1503 2686 1545 2727 in
1564 2687 1760 2730 fraternae

242 2731 486 2773 devocionis
508 2733 770 2775 consorcium
792 2733 1125 2790 admitteremus,
1150 2749 1191 2782 et
1212 2743 1542 2786 concederemus
1564 2745 1607 2788 in
1629 2749 1761 2790 omui-
