<?xml version="1.0" encoding="UTF-8"?>
<!DOCTYPE html PUBLIC "-//W3C//DTD XHTML 1.0 Transitional//EN"
    "http://www.w3.org/TR/xhtml1/DTD/xhtml1-transitional.dtd">
<html xmlns="http://www.w3.org/1999/xhtml" xml:lang="en" lang="en">
 <head>
  <title>
</title>
<meta http-equiv="Content-Type" content="text/html;charset=utf-8" />
  <meta name='ocr-system' content='tesseract 3.04.00' />
  <meta name='ocr-capabilities' content='ocr_page ocr_carea ocr_par ocr_line ocrx_word'/>
</head>
<body>
  <div class='ocr_page' id='page_1' title='image "./historiaedunelme00gauf_0536.png"; bbox 0 0 1807 2962; ppageno 0'>
   <div class='ocr_carea' id='block_1_1' title="bbox 143 79 1412 128">
    <p class='ocr_par' dir='ltr' id='par_1_1' title="bbox 143 79 1412 128">
     <span class='ocr_line' id='line_1_1' title="bbox 143 79 1412 128; baseline 0.001 -1"><span class='ocrx_word' id='word_1_1' title='bbox 143 79 345 128; x_wconf 50' lang='lat' dir='ltr'>CCCXX&#39;yl</span> <span class='ocrx_word' id='word_1_2' title='bbox 504 94 641 127; x_wconf 86' lang='lat' dir='ltr'><strong>HIST.</strong></span> <span class='ocrx_word' id='word_1_3' title='bbox 671 91 908 126; x_wconf 84' lang='lat' dir='ltr'><strong>DUNELM.</strong></span> <span class='ocrx_word' id='word_1_4' title='bbox 937 94 1245 128; x_wconf 81' lang='lat' dir='ltr'><strong>SCRIPTORES</strong></span> <span class='ocrx_word' id='word_1_5' title='bbox 1271 93 1412 128; x_wconf 81' lang='lat' dir='ltr'><strong>TRES.</strong></span> 
     </span>
    </p>
   </div>
   <div class='ocr_carea' id='block_1_2' title="bbox 148 192 1701 1656">
    <p class='ocr_par' dir='ltr' id='par_1_2' title="bbox 148 192 1693 653">
     <span class='ocr_line' id='line_1_2' title="bbox 148 192 1689 258; baseline 0.002 -15"><span class='ocrx_word' id='word_1_6' title='bbox 148 203 240 258; x_wconf 65' lang='lat' dir='ltr'>iiijd.</span> <span class='ocrx_word' id='word_1_7' title='bbox 306 201 361 244; x_wconf 82' lang='lat' dir='ltr'>Et</span> <span class='ocrx_word' id='word_1_8' title='bbox 382 201 423 243; x_wconf 82' lang='lat' dir='ltr'>in</span> <span class='ocrx_word' id='word_1_9' title='bbox 448 203 466 257; x_wconf 90' lang='lat' dir='ltr'><strong>j</strong></span> <span class='ocrx_word' id='word_1_10' title='bbox 502 217 595 244; x_wconf 87' lang='lat' dir='ltr'>sera</span> <span class='ocrx_word' id='word_1_11' title='bbox 631 210 774 258; x_wconf 88' lang='lat' dir='ltr'>empta</span> <span class='ocrx_word' id='word_1_12' title='bbox 808 217 888 258; x_wconf 89' lang='lat' dir='ltr'>pro</span> <span class='ocrx_word' id='word_1_13' title='bbox 920 204 1029 244; x_wconf 83' lang='lat' dir='ltr'>ostio</span> <span class='ocrx_word' id='word_1_14' title='bbox 1065 203 1175 244; x_wconf 86' lang='lat' dir='ltr'>aulae</span> <span class='ocrx_word' id='word_1_15' title='bbox 1206 203 1297 247; x_wconf 66' lang='lat' dir='ltr'>xvd.</span> <span class='ocrx_word' id='word_1_16' title='bbox 1363 203 1420 245; x_wconf 85' lang='lat' dir='ltr'>Et</span> <span class='ocrx_word' id='word_1_17' title='bbox 1445 192 1689 246; x_wconf 76' lang='lat' dir='ltr'>Williel‘mo</span> 
     </span>
     <span class='ocr_line' id='line_1_3' title="bbox 150 260 1689 318; baseline 0.001 -17"><span class='ocrx_word' id='word_1_18' title='bbox 150 260 270 318; x_wconf 83' lang='lat' dir='ltr'>Esby</span> <span class='ocrx_word' id='word_1_19' title='bbox 302 275 382 316; x_wconf 88' lang='lat' dir='ltr'>pro</span> <span class='ocrx_word' id='word_1_20' title='bbox 418 261 563 302; x_wconf 89' lang='lat' dir='ltr'>redled</span> <span class='ocrx_word' id='word_1_21' title='bbox 607 270 651 302; x_wconf 87' lang='lat' dir='ltr'>et</span> <span class='ocrx_word' id='word_1_22' title='bbox 686 261 765 302; x_wconf 90' lang='lat' dir='ltr'>okr</span> <span class='ocrx_word' id='word_1_23' title='bbox 800 260 907 315; x_wconf 66' lang='lat' dir='ltr'>viijd.</span> <span class='ocrx_word' id='word_1_24' title='bbox 985 262 1043 302; x_wconf 81' lang='lat' dir='ltr'>Et</span> <span class='ocrx_word' id='word_1_25' title='bbox 1077 262 1265 302; x_wconf 78' lang='lat' dir='ltr'>Ricardo</span> <span class='ocrx_word' id='word_1_26' title='bbox 1298 262 1443 303; x_wconf 84' lang='lat' dir='ltr'>Sawer</span> <span class='ocrx_word' id='word_1_27' title='bbox 1474 276 1569 302; x_wconf 89' lang='lat' dir='ltr'>cum</span> <span class='ocrx_word' id='word_1_28' title='bbox 1603 277 1689 303; x_wconf 89' lang='lat' dir='ltr'>uno</span> 
     </span>
     <span class='ocr_line' id='line_1_4' title="bbox 150 318 1691 374; baseline 0.002 -15"><span class='ocrx_word' id='word_1_29' title='bbox 150 319 324 360; x_wconf 88' lang='lat' dir='ltr'>homine</span> <span class='ocrx_word' id='word_1_30' title='bbox 360 334 437 374; x_wconf 90' lang='lat' dir='ltr'>pro</span> <span class='ocrx_word' id='word_1_31' title='bbox 468 318 686 361; x_wconf 85' lang='lat' dir='ltr'>foracione</span> <span class='ocrx_word' id='word_1_32' title='bbox 723 319 776 360; x_wconf 89' lang='lat' dir='ltr'>de</span> <span class='ocrx_word' id='word_1_33' title='bbox 813 319 838 359; x_wconf 83' lang='lat' dir='ltr'>l’</span> <span class='ocrx_word' id='word_1_34' title='bbox 874 319 1004 360; x_wconf 78' lang='lat' dir='ltr'>forms</span> <span class='ocrx_word' id='word_1_35' title='bbox 1040 334 1116 374; x_wconf 85' lang='lat' dir='ltr'>per</span> <span class='ocrx_word' id='word_1_36' title='bbox 1153 333 1282 360; x_wconf 90' lang='lat' dir='ltr'>unum</span> <span class='ocrx_word' id='word_1_37' title='bbox 1316 319 1430 361; x_wconf 89' lang='lat' dir='ltr'>diem</span> <span class='ocrx_word' id='word_1_38' title='bbox 1461 319 1567 374; x_wconf 74' lang='lat' dir='ltr'>viijd.</span> <span class='ocrx_word' id='word_1_39' title='bbox 1631 320 1691 362; x_wconf 85' lang='lat' dir='ltr'>Et</span> 
     </span>
     <span class='ocr_line' id='line_1_5' title="bbox 152 377 1690 432; baseline 0 -13"><span class='ocrx_word' id='word_1_40' title='bbox 152 377 335 419; x_wconf 71' lang='lat' dir='ltr'>..Iohanni</span> <span class='ocrx_word' id='word_1_41' title='bbox 377 378 549 432; x_wconf 89' lang='lat' dir='ltr'>Couper</span> <span class='ocrx_word' id='word_1_42' title='bbox 578 391 658 432; x_wconf 75' lang='lat' dir='ltr'>pro</span> <span class='ocrx_word' id='word_1_43' title='bbox 688 377 852 418; x_wconf 81' lang='lat' dir='ltr'>factura</span> <span class='ocrx_word' id='word_1_44' title='bbox 884 378 1009 418; x_wconf 74' lang='lat' dir='ltr'>unius</span> <span class='ocrx_word' id='word_1_45' title='bbox 1037 392 1192 419; x_wconf 80' lang='lat' dir='ltr'>mensae</span> <span class='ocrx_word' id='word_1_46' title='bbox 1214 377 1319 432; x_wconf 69' lang='lat' dir='ltr'>viijd.</span> <span class='ocrx_word' id='word_1_47' title='bbox 1393 378 1450 419; x_wconf 87' lang='lat' dir='ltr'>Et</span> <span class='ocrx_word' id='word_1_48' title='bbox 1471 378 1512 418; x_wconf 91' lang='lat' dir='ltr'>in</span> <span class='ocrx_word' id='word_1_49' title='bbox 1536 377 1604 432; x_wconf 87' lang='lat' dir='ltr'>viij</span> <span class='ocrx_word' id='word_1_50' title='bbox 1630 378 1690 419; x_wconf 90' lang='lat' dir='ltr'>lb.</span> 
     </span>
     <span class='ocr_line' id='line_1_6' title="bbox 154 434 1693 493; baseline 0 -16"><span class='ocrx_word' id='word_1_51' title='bbox 154 445 197 477; x_wconf 83' lang='lat' dir='ltr'>et</span> <span class='ocrx_word' id='word_1_52' title='bbox 228 434 404 477; x_wconf 84' lang='lat' dir='ltr'>dimidia</span> <span class='ocrx_word' id='word_1_53' title='bbox 434 435 550 476; x_wconf 82' lang='lat' dir='ltr'>laton</span> <span class='ocrx_word' id='word_1_54' title='bbox 581 434 739 489; x_wconf 69' lang='lat' dir='ltr'>emptis</span> <span class='ocrx_word' id='word_1_55' title='bbox 766 449 843 490; x_wconf 87' lang='lat' dir='ltr'>pro</span> <span class='ocrx_word' id='word_1_56' title='bbox 876 435 1004 491; x_wconf 80' lang='lat' dir='ltr'>fanys</span> <span class='ocrx_word' id='word_1_57' title='bbox 1035 435 1133 477; x_wconf 88' lang='lat' dir='ltr'>inde</span> <span class='ocrx_word' id='word_1_58' title='bbox 1168 435 1321 477; x_wconf 69' lang='lat' dir='ltr'>fiendis</span> <span class='ocrx_word' id='word_1_59' title='bbox 1358 435 1418 493; x_wconf 68' lang='lat' dir='ltr'>ijs.</span> <span class='ocrx_word' id='word_1_60' title='bbox 1453 434 1556 491; x_wconf 71' lang='lat' dir='ltr'>viijd.</span> <span class='ocrx_word' id='word_1_61' title='bbox 1634 435 1693 477; x_wconf 80' lang='lat' dir='ltr'>Et</span> 
     </span>
     <span class='ocr_line' id='line_1_7' title="bbox 157 491 1693 549; baseline -0.001 -15"><span class='ocrx_word' id='word_1_62' title='bbox 157 491 341 535; x_wconf 81' lang='lat' dir='ltr'>Thomae</span> <span class='ocrx_word' id='word_1_63' title='bbox 378 492 638 549; x_wconf 75' lang='lat' dir='ltr'>Goldsmyth</span> <span class='ocrx_word' id='word_1_64' title='bbox 674 507 751 548; x_wconf 90' lang='lat' dir='ltr'>pro</span> <span class='ocrx_word' id='word_1_65' title='bbox 783 493 947 534; x_wconf 79' lang='lat' dir='ltr'>factura</span> <span class='ocrx_word' id='word_1_66' title='bbox 977 493 1031 534; x_wconf 93' lang='lat' dir='ltr'>de</span> <span class='ocrx_word' id='word_1_67' title='bbox 1062 493 1104 535; x_wconf 84' lang='lat' dir='ltr'>la</span> <span class='ocrx_word' id='word_1_68' title='bbox 1129 493 1249 549; x_wconf 77' lang='lat' dir='ltr'>sanys</span> <span class='ocrx_word' id='word_1_69' title='bbox 1272 493 1366 535; x_wconf 52' lang='lat' dir='ltr'><strong>xxff.</strong></span> <span class='ocrx_word' id='word_1_70' title='bbox 1429 492 1486 534; x_wconf 89' lang='lat' dir='ltr'>Et</span> <span class='ocrx_word' id='word_1_71' title='bbox 1506 493 1693 535; x_wconf 79' lang='lat' dir='ltr'>Johanni</span> 
     </span>
     <span class='ocr_line' id='line_1_8' title="bbox 153 550 1692 650; baseline 0.003 -59"><span class='ocrx_word' id='word_1_72' title='bbox 153 551 297 650; x_wconf 56' lang='lat' dir='ltr'>Vgffly</span> <span class='ocrx_word' id='word_1_73' title='bbox 327 565 405 607; x_wconf 85' lang='lat' dir='ltr'>pro</span> <span class='ocrx_word' id='word_1_74' title='bbox 427 550 591 593; x_wconf 85' lang='lat' dir='ltr'>factura</span> <span class='ocrx_word' id='word_1_75' title='bbox 620 550 675 593; x_wconf 86' lang='lat' dir='ltr'>de</span> <span class='ocrx_word' id='word_1_76' title='bbox 705 551 747 593; x_wconf 84' lang='lat' dir='ltr'>la</span> <span class='ocrx_word' id='word_1_77' title='bbox 766 566 929 608; x_wconf 83' lang='lat' dir='ltr'>crossys</span> <span class='ocrx_word' id='word_1_78' title='bbox 952 551 1042 595; x_wconf 67' lang='lat' dir='ltr'>xvd.</span> <span class='ocrx_word' id='word_1_79' title='bbox 1166 553 1343 594; x_wconf 77' lang='lat' dir='ltr'>Summa</span> <span class='ocrx_word' id='word_1_80' title='bbox 1366 551 1469 593; x_wconf 60' lang='lat' dir='ltr'>mik</span> <span class='ocrx_word' id='word_1_81' title='bbox 1492 555 1585 593; x_wconf 77' lang='lat' dir='ltr'>vll-⁸.</span> <span class='ocrx_word' id='word_1_82' title='bbox 1608 551 1692 595; x_wconf 57' lang='lat' dir='ltr'><strong>xlffi.</strong></span> 
     </span>
     <span class='ocr_line' id='line_1_9' title="bbox 155 625 230 653; baseline 0.027 -2"><span class='ocrx_word' id='word_1_83' title='bbox 155 625 181 651; x_wconf 83' lang='lat' dir='ltr'>o</span> <span class='ocrx_word' id='word_1_84' title='bbox 216 644 230 653; x_wconf 80' lang='grc'><strong><em>,</em></strong></span> 
     </span>
    </p>

    <p class='ocr_par' dir='ltr' id='par_1_3' title="bbox 151 666 1696 1013">
     <span class='ocr_line' id='line_1_10' title="bbox 218 666 1692 723; baseline 0 -14"><span class='ocrx_word' id='word_1_85' title='bbox 218 667 398 709; x_wconf 85' lang='lat' dir='ltr'>CUSTUS</span> <span class='ocrx_word' id='word_1_86' title='bbox 432 681 487 708; x_wconf 81' lang='lat' dir='ltr'>LE</span> <span class='ocrx_word' id='word_1_87' title='bbox 522 680 753 708; x_wconf 82' lang='lat' dir='ltr'><strong>HALLYNG.</strong></span> <span class='ocrx_word' id='word_1_88' title='bbox 816 666 875 709; x_wconf 86' lang='lat' dir='ltr'>Et</span> <span class='ocrx_word' id='word_1_89' title='bbox 906 667 1032 709; x_wconf 86' lang='lat' dir='ltr'>solvit</span> <span class='ocrx_word' id='word_1_90' title='bbox 1064 682 1142 723; x_wconf 88' lang='lat' dir='ltr'>pro</span> <span class='ocrx_word' id='word_1_91' title='bbox 1170 666 1214 708; x_wconf 89' lang='lat' dir='ltr'>ix</span> <span class='ocrx_word' id='word_1_92' title='bbox 1236 667 1366 722; x_wconf 77' lang='lat' dir='ltr'>petris</span> <span class='ocrx_word' id='word_1_93' title='bbox 1388 668 1498 709; x_wconf 76' lang='lat' dir='ltr'>l‘anae</span> <span class='ocrx_word' id='word_1_94' title='bbox 1521 666 1692 723; x_wconf 83' lang='lat' dir='ltr'>emptis,</span> 
     </span>
     <span class='ocr_line' id='line_1_11' title="bbox 155 725 1694 783; baseline 0.001 -16"><span class='ocrx_word' id='word_1_95' title='bbox 155 726 345 782; x_wconf 79' lang='lat' dir='ltr'>precium</span> <span class='ocrx_word' id='word_1_96' title='bbox 368 735 505 782; x_wconf 88' lang='lat' dir='ltr'>petrae</span> <span class='ocrx_word' id='word_1_97' title='bbox 522 725 658 780; x_wconf 37' lang='lat' dir='ltr'>xviij&amp;</span> <span class='ocrx_word' id='word_1_98' title='bbox 682 725 788 780; x_wconf 77' lang='lat' dir='ltr'>xiij³.</span> <span class='ocrx_word' id='word_1_99' title='bbox 811 725 884 780; x_wconf 68' lang='lat' dir='ltr'>vjd.</span> <span class='ocrx_word' id='word_1_100' title='bbox 952 726 1008 766; x_wconf 85' lang='lat' dir='ltr'>Et</span> <span class='ocrx_word' id='word_1_101' title='bbox 1025 741 1102 781; x_wconf 88' lang='lat' dir='ltr'>pro</span> <span class='ocrx_word' id='word_1_102' title='bbox 1125 726 1164 767; x_wconf 91' lang='lat' dir='ltr'>le</span> <span class='ocrx_word' id='word_1_103' title='bbox 1182 741 1408 783; x_wconf 83' lang='lat' dir='ltr'>spynnyng</span> <span class='ocrx_word' id='word_1_104' title='bbox 1423 725 1530 781; x_wconf 67' lang='lat' dir='ltr'>xiijs.</span> <span class='ocrx_word' id='word_1_105' title='bbox 1545 726 1599 781; x_wconf 68' lang='lat' dir='ltr'>jd.</span> <span class='ocrx_word' id='word_1_106' title='bbox 1621 726 1694 768; x_wconf 80' lang='lat' dir='ltr'>ob.</span> 
     </span>
     <span class='ocr_line' id='line_1_12' title="bbox 160 783 1694 840; baseline 0 -14"><span class='ocrx_word' id='word_1_107' title='bbox 160 785 221 826; x_wconf 79' lang='lat' dir='ltr'>Et</span> <span class='ocrx_word' id='word_1_108' title='bbox 254 799 332 840; x_wconf 81' lang='lat' dir='ltr'>pro</span> <span class='ocrx_word' id='word_1_109' title='bbox 368 793 494 826; x_wconf 82' lang='lat' dir='ltr'>swett</span> <span class='ocrx_word' id='word_1_110' title='bbox 526 784 631 839; x_wconf 67' lang='lat' dir='ltr'>xvjd.</span> <span class='ocrx_word' id='word_1_111' title='bbox 695 783 752 824; x_wconf 85' lang='lat' dir='ltr'>Et</span> <span class='ocrx_word' id='word_1_112' title='bbox 777 783 1002 825; x_wconf 86' lang='lat' dir='ltr'>Willielmo</span> <span class='ocrx_word' id='word_1_113' title='bbox 1032 784 1246 825; x_wconf 85' lang='lat' dir='ltr'>Chaloner</span> <span class='ocrx_word' id='word_1_114' title='bbox 1265 799 1345 839; x_wconf 85' lang='lat' dir='ltr'>pro</span> <span class='ocrx_word' id='word_1_115' title='bbox 1367 794 1541 826; x_wconf 85' lang='lat' dir='ltr'>textura</span> <span class='ocrx_word' id='word_1_116' title='bbox 1561 784 1694 839; x_wconf 70' lang='lat' dir='ltr'>xviij³;</span> 
     </span>
     <span class='ocr_line' id='line_1_13' title="bbox 157 841 1695 899; baseline 0.001 -16"><span class='ocrx_word' id='word_1_117' title='bbox 157 843 236 899; x_wconf 68' lang='lat' dir='ltr'>xjd.</span> <span class='ocrx_word' id='word_1_118' title='bbox 301 842 358 884; x_wconf 77' lang='lat' dir='ltr'>Et</span> <span class='ocrx_word' id='word_1_119' title='bbox 394 842 586 884; x_wconf 73' lang='lat' dir='ltr'>Roberto</span> <span class='ocrx_word' id='word_1_120' title='bbox 616 841 765 883; x_wconf 84' lang='lat' dir='ltr'>Pulter</span> <span class='ocrx_word' id='word_1_121' title='bbox 786 850 831 882; x_wconf 85' lang='lat' dir='ltr'>et</span> <span class='ocrx_word' id='word_1_122' title='bbox 855 841 1041 883; x_wconf 79' lang='lat' dir='ltr'>Ricardo</span> <span class='ocrx_word' id='word_1_123' title='bbox 1068 841 1252 883; x_wconf 88' lang='lat' dir='ltr'>Baxster</span> <span class='ocrx_word' id='word_1_124' title='bbox 1271 856 1349 896; x_wconf 84' lang='lat' dir='ltr'>pro</span> <span class='ocrx_word' id='word_1_125' title='bbox 1372 841 1555 884; x_wconf 83' lang='lat' dir='ltr'>tinctura</span> <span class='ocrx_word' id='word_1_126' title='bbox 1576 843 1695 898; x_wconf 76' lang='lat' dir='ltr'>xvij³.</span> 
     </span>
     <span class='ocr_line' id='line_1_14' title="bbox 151 899 1696 956; baseline 0 -14"><span class='ocrx_word' id='word_1_127' title='bbox 151 901 207 956; x_wconf 66' lang='lat' dir='ltr'>jd.</span> <span class='ocrx_word' id='word_1_128' title='bbox 272 901 330 942; x_wconf 89' lang='lat' dir='ltr'>Et</span> <span class='ocrx_word' id='word_1_129' title='bbox 365 900 475 942; x_wconf 80' lang='lat' dir='ltr'>Adae</span> <span class='ocrx_word' id='word_1_130' title='bbox 500 899 685 941; x_wconf 78' lang='lat' dir='ltr'>Walker</span> <span class='ocrx_word' id='word_1_131' title='bbox 716 914 796 954; x_wconf 87' lang='lat' dir='ltr'>pro</span> <span class='ocrx_word' id='word_1_132' title='bbox 832 899 872 941; x_wconf 90' lang='lat' dir='ltr'>le</span> <span class='ocrx_word' id='word_1_133' title='bbox 909 899 1109 955; x_wconf 85' lang='lat' dir='ltr'>walkyng</span> <span class='ocrx_word' id='word_1_134' title='bbox 1145 899 1207 956; x_wconf 70' lang='lat' dir='ltr'>ijs.</span> <span class='ocrx_word' id='word_1_135' title='bbox 1239 900 1313 955; x_wconf 75' lang='lat' dir='ltr'>vjd,</span> <span class='ocrx_word' id='word_1_136' title='bbox 1376 900 1433 941; x_wconf 82' lang='lat' dir='ltr'>Et</span> <span class='ocrx_word' id='word_1_137' title='bbox 1454 914 1533 955; x_wconf 90' lang='lat' dir='ltr'>pro</span> <span class='ocrx_word' id='word_1_138' title='bbox 1555 900 1629 942; x_wconf 86' lang='lat' dir='ltr'>filo</span> <span class='ocrx_word' id='word_1_139' title='bbox 1650 908 1696 942; x_wconf 77' lang='lat' dir='ltr'>et</span> 
     </span>
     <span class='ocr_line' id='line_1_15' title="bbox 157 956 1440 1013; baseline -0.002 -13"><span class='ocrx_word' id='word_1_140' title='bbox 157 959 322 1000; x_wconf 82' lang='lat' dir='ltr'>factura</span> <span class='ocrx_word' id='word_1_141' title='bbox 344 959 396 1000; x_wconf 90' lang='lat' dir='ltr'>de</span> <span class='ocrx_word' id='word_1_142' title='bbox 417 958 626 1000; x_wconf 84' lang='lat' dir='ltr'>latchette</span> <span class='ocrx_word' id='word_1_143' title='bbox 645 956 753 1013; x_wconf 71' lang='lat' dir='ltr'>xiijd.</span> <span class='ocrx_word' id='word_1_144' title='bbox 776 957 845 998; x_wconf 89' lang='lat' dir='ltr'>ob.</span> <span class='ocrx_word' id='word_1_145' title='bbox 968 958 1144 999; x_wconf 84' lang='lat' dir='ltr'>Summa</span> <span class='ocrx_word' id='word_1_146' title='bbox 1166 962 1322 1001; x_wconf 78' lang='lat' dir='ltr'>va11⁵.</span> <span class='ocrx_word' id='word_1_147' title='bbox 1343 958 1440 1002; x_wconf 72' lang='lat' dir='ltr'>v11d.</span> 
     </span>
    </p>

    <p class='ocr_par' dir='ltr' id='par_1_4' title="bbox 158 1014 1701 1656">
     <span class='ocr_line' id='line_1_16' title="bbox 219 1014 1698 1071; baseline -0.001 -12"><span class='ocrx_word' id='word_1_148' title='bbox 219 1018 400 1059; x_wconf 81' lang='lat' dir='ltr'><strong>CUSTUS</strong></span> <span class='ocrx_word' id='word_1_149' title='bbox 421 1028 726 1058; x_wconf 77' lang='lat' dir='ltr'><strong>LATAMORUM.</strong></span> <span class='ocrx_word' id='word_1_150' title='bbox 780 1014 838 1055; x_wconf 88' lang='lat' dir='ltr'>Et</span> <span class='ocrx_word' id='word_1_151' title='bbox 868 1014 1056 1057; x_wconf 74' lang='lat' dir='ltr'>Johanni</span> <span class='ocrx_word' id='word_1_152' title='bbox 1076 1015 1118 1056; x_wconf 92' lang='lat' dir='ltr'>T</span> <span class='ocrx_word' id='word_1_153' title='bbox 1120 1015 1300 1056; x_wconf 78' lang='lat' dir='ltr'>homson</span> <span class='ocrx_word' id='word_1_154' title='bbox 1321 1015 1477 1057; x_wconf 87' lang='lat' dir='ltr'>seniori</span> <span class='ocrx_word' id='word_1_155' title='bbox 1508 1030 1588 1071; x_wconf 88' lang='lat' dir='ltr'>pro</span> <span class='ocrx_word' id='word_1_156' title='bbox 1609 1015 1698 1058; x_wconf 85' lang='lat' dir='ltr'>fac-</span> 
     </span>
     <span class='ocr_line' id='line_1_17' title="bbox 158 1072 1694 1130; baseline 0 -13"><span class='ocrx_word' id='word_1_157' title='bbox 158 1084 256 1117; x_wconf 76' lang='lat' dir='ltr'>tura</span> <span class='ocrx_word' id='word_1_158' title='bbox 284 1090 332 1116; x_wconf 89' lang='lat' dir='ltr'>cc</span> <span class='ocrx_word' id='word_1_159' title='bbox 359 1074 560 1123; x_wconf 82' lang='lat' dir='ltr'>achillar’,</span> <span class='ocrx_word' id='word_1_160' title='bbox 597 1087 654 1114; x_wconf 84' lang='lat' dir='ltr'>ex</span> <span class='ocrx_word' id='word_1_161' title='bbox 690 1072 979 1114; x_wconf 84' lang='lat' dir='ltr'>convencione</span> <span class='ocrx_word' id='word_1_162' title='bbox 1016 1073 1128 1115; x_wconf 82' lang='lat' dir='ltr'>facta</span> <span class='ocrx_word' id='word_1_163' title='bbox 1164 1073 1205 1114; x_wconf 89' lang='lat' dir='ltr'>in</span> <span class='ocrx_word' id='word_1_164' title='bbox 1237 1088 1398 1130; x_wconf 81' lang='lat' dir='ltr'>grosso,</span> <span class='ocrx_word' id='word_1_165' title='bbox 1431 1076 1564 1130; x_wconf 64' lang='lat' dir='ltr'>xxvjs.</span> <span class='ocrx_word' id='word_1_166' title='bbox 1589 1073 1694 1128; x_wconf 63' lang='lat' dir='ltr'>viijd.</span> 
     </span>
     <span class='ocr_line' id='line_1_18' title="bbox 162 1130 1696 1187; baseline -0.002 -12"><span class='ocrx_word' id='word_1_167' title='bbox 162 1134 222 1175; x_wconf 80' lang='lat' dir='ltr'>Et</span> <span class='ocrx_word' id='word_1_168' title='bbox 256 1132 395 1175; x_wconf 86' lang='lat' dir='ltr'>eidem</span> <span class='ocrx_word' id='word_1_169' title='bbox 427 1147 505 1187; x_wconf 87' lang='lat' dir='ltr'>pro</span> <span class='ocrx_word' id='word_1_170' title='bbox 537 1131 701 1172; x_wconf 86' lang='lat' dir='ltr'>factura</span> <span class='ocrx_word' id='word_1_171' title='bbox 722 1145 842 1171; x_wconf 82' lang='lat' dir='ltr'>xxxv</span> <span class='ocrx_word' id='word_1_172' title='bbox 865 1130 1058 1173; x_wconf 88' lang='lat' dir='ltr'>ulnarum</span> <span class='ocrx_word' id='word_1_173' title='bbox 1081 1131 1254 1180; x_wconf 83' lang='lat' dir='ltr'>tabulae,</span> <span class='ocrx_word' id='word_1_174' title='bbox 1276 1132 1462 1186; x_wconf 83' lang='lat' dir='ltr'>precium</span> <span class='ocrx_word' id='word_1_175' title='bbox 1486 1133 1599 1173; x_wconf 85' lang='lat' dir='ltr'>ulnae</span> <span class='ocrx_word' id='word_1_176' title='bbox 1620 1132 1696 1187; x_wconf 63' lang='lat' dir='ltr'>vjd,</span> 
     </span>
     <span class='ocr_line' id='line_1_19' title="bbox 158 1189 1697 1245; baseline -0.002 -12"><span class='ocrx_word' id='word_1_177' title='bbox 158 1196 246 1233; x_wconf 76' lang='lat' dir='ltr'>xv³.</span> <span class='ocrx_word' id='word_1_178' title='bbox 309 1191 368 1233; x_wconf 81' lang='lat' dir='ltr'>Et</span> <span class='ocrx_word' id='word_1_179' title='bbox 400 1191 539 1233; x_wconf 88' lang='lat' dir='ltr'>eidem</span> <span class='ocrx_word' id='word_1_180' title='bbox 571 1204 650 1245; x_wconf 86' lang='lat' dir='ltr'>pro</span> <span class='ocrx_word' id='word_1_181' title='bbox 672 1190 820 1245; x_wconf 85' lang='lat' dir='ltr'>xxxvij</span> <span class='ocrx_word' id='word_1_182' title='bbox 844 1189 952 1230; x_wconf 88' lang='lat' dir='ltr'>ulnis</span> <span class='ocrx_word' id='word_1_183' title='bbox 974 1190 1027 1231; x_wconf 91' lang='lat' dir='ltr'>de</span> <span class='ocrx_word' id='word_1_184' title='bbox 1049 1191 1238 1245; x_wconf 86' lang='lat' dir='ltr'>perpent&#39;</span> <span class='ocrx_word' id='word_1_185' title='bbox 1261 1190 1474 1240; x_wconf 84' lang='lat' dir='ltr'>achi-llar’3</span> <span class='ocrx_word' id='word_1_186' title='bbox 1505 1189 1697 1244; x_wconf 83' lang='lat' dir='ltr'>precium</span> 
     </span>
     <span class='ocr_line' id='line_1_20' title="bbox 159 1246 1699 1305; baseline -0.001 -14"><span class='ocrx_word' id='word_1_187' title='bbox 159 1250 271 1291; x_wconf 84' lang='lat' dir='ltr'>ulnae</span> <span class='ocrx_word' id='word_1_188' title='bbox 304 1249 381 1305; x_wconf 70' lang='lat' dir='ltr'>vjd.</span> <span class='ocrx_word' id='word_1_189' title='bbox 417 1248 552 1303; x_wconf 53' lang='lat' dir='ltr'>xviijff.</span> <span class='ocrx_word' id='word_1_190' title='bbox 577 1247 649 1302; x_wconf 69' lang='lat' dir='ltr'>vjd.</span> <span class='ocrx_word' id='word_1_191' title='bbox 711 1246 767 1287; x_wconf 77' lang='lat' dir='ltr'>Et</span> <span class='ocrx_word' id='word_1_192' title='bbox 789 1247 975 1289; x_wconf 76' lang='lat' dir='ltr'>Johanni</span> <span class='ocrx_word' id='word_1_193' title='bbox 999 1248 1222 1289; x_wconf 88' lang='lat' dir='ltr'>Thomson</span> <span class='ocrx_word' id='word_1_194' title='bbox 1247 1248 1409 1303; x_wconf 83' lang='lat' dir='ltr'>juniori</span> <span class='ocrx_word' id='word_1_195' title='bbox 1432 1263 1512 1304; x_wconf 87' lang='lat' dir='ltr'>pro</span> <span class='ocrx_word' id='word_1_196' title='bbox 1532 1248 1699 1290; x_wconf 84' lang='lat' dir='ltr'>factura</span> 
     </span>
     <span class='ocr_line' id='line_1_21' title="bbox 158 1305 1699 1363; baseline -0.001 -14"><span class='ocrx_word' id='word_1_197' title='bbox 158 1309 217 1363; x_wconf 77' lang='lat' dir='ltr'>xij</span> <span class='ocrx_word' id='word_1_198' title='bbox 252 1307 418 1350; x_wconf 85' lang='lat' dir='ltr'>corbels</span> <span class='ocrx_word' id='word_1_199' title='bbox 449 1308 520 1362; x_wconf 85' lang='lat' dir='ltr'>ij.</span> <span class='ocrx_word' id='word_1_200' title='bbox 583 1306 641 1348; x_wconf 86' lang='lat' dir='ltr'>Et</span> <span class='ocrx_word' id='word_1_201' title='bbox 674 1305 812 1347; x_wconf 84' lang='lat' dir='ltr'>eidem</span> <span class='ocrx_word' id='word_1_202' title='bbox 846 1319 922 1361; x_wconf 89' lang='lat' dir='ltr'>pro</span> <span class='ocrx_word' id='word_1_203' title='bbox 944 1305 1001 1361; x_wconf 79' lang='lat' dir='ltr'>iiij</span> <span class='ocrx_word' id='word_1_204' title='bbox 1025 1305 1176 1347; x_wconf 86' lang='lat' dir='ltr'>diebus</span> <span class='ocrx_word' id='word_1_205' title='bbox 1198 1306 1293 1347; x_wconf 67' lang='lat' dir='ltr'>xxd.</span> <span class='ocrx_word' id='word_1_206' title='bbox 1358 1306 1413 1347; x_wconf 68' lang='lat' dir='ltr'>Et</span> <span class='ocrx_word' id='word_1_207' title='bbox 1447 1306 1587 1348; x_wconf 86' lang='lat' dir='ltr'>eidem</span> <span class='ocrx_word' id='word_1_208' title='bbox 1619 1321 1699 1361; x_wconf 92' lang='lat' dir='ltr'>pro</span> 
     </span>
     <span class='ocr_line' id='line_1_22' title="bbox 158 1364 1697 1421; baseline -0.002 -14"><span class='ocrx_word' id='word_1_209' title='bbox 158 1367 325 1408; x_wconf 76' lang='lat' dir='ltr'>factura</span> <span class='ocrx_word' id='word_1_210' title='bbox 346 1365 465 1421; x_wconf 87' lang='lat' dir='ltr'>xxiiij</span> <span class='ocrx_word' id='word_1_211' title='bbox 490 1365 684 1406; x_wconf 86' lang='lat' dir='ltr'>ulnarum</span> <span class='ocrx_word' id='word_1_212' title='bbox 706 1364 759 1405; x_wconf 92' lang='lat' dir='ltr'>de</span> <span class='ocrx_word' id='word_1_213' title='bbox 781 1379 992 1415; x_wconf 81' lang='lat' dir='ltr'>severans,</span> <span class='ocrx_word' id='word_1_214' title='bbox 1026 1365 1217 1419; x_wconf 81' lang='lat' dir='ltr'>precium</span> <span class='ocrx_word' id='word_1_215' title='bbox 1239 1365 1350 1406; x_wconf 86' lang='lat' dir='ltr'>ulnae</span> <span class='ocrx_word' id='word_1_216' title='bbox 1373 1364 1446 1421; x_wconf 71' lang='lat' dir='ltr'>vjd,</span> <span class='ocrx_word' id='word_1_217' title='bbox 1470 1365 1561 1420; x_wconf 81' lang='lat' dir='ltr'>xij⁵.</span> <span class='ocrx_word' id='word_1_218' title='bbox 1640 1364 1697 1405; x_wconf 68' lang='lat' dir='ltr'>Et</span> 
     </span>
     <span class='ocr_line' id='line_1_23' title="bbox 160 1422 1696 1480; baseline -0.003 -13"><span class='ocrx_word' id='word_1_219' title='bbox 160 1425 298 1467; x_wconf 86' lang='lat' dir='ltr'>eidem</span> <span class='ocrx_word' id='word_1_220' title='bbox 333 1440 411 1480; x_wconf 88' lang='lat' dir='ltr'>pro</span> <span class='ocrx_word' id='word_1_221' title='bbox 447 1424 612 1465; x_wconf 86' lang='lat' dir='ltr'>factura</span> <span class='ocrx_word' id='word_1_222' title='bbox 640 1423 680 1463; x_wconf 92' lang='lat' dir='ltr'>lv</span> <span class='ocrx_word' id='word_1_223' title='bbox 718 1422 912 1464; x_wconf 77' lang='lat' dir='ltr'>ulnarum</span> <span class='ocrx_word' id='word_1_224' title='bbox 950 1423 1004 1464; x_wconf 86' lang='lat' dir='ltr'>de</span> <span class='ocrx_word' id='word_1_225' title='bbox 1027 1430 1234 1479; x_wconf 84' lang='lat' dir='ltr'>parapent</span> <span class='ocrx_word' id='word_1_226' title='bbox 1255 1422 1442 1464; x_wconf 85' lang='lat' dir='ltr'>achillari</span> <span class='ocrx_word' id='word_1_227' title='bbox 1464 1432 1508 1464; x_wconf 83' lang='lat' dir='ltr'>et</span> <span class='ocrx_word' id='word_1_228' title='bbox 1525 1430 1696 1473; x_wconf 80' lang='lat' dir='ltr'>orestes,</span> 
     </span>
     <span class='ocr_line' id='line_1_24' title="bbox 159 1480 1701 1539; baseline -0.003 -14"><span class='ocrx_word' id='word_1_229' title='bbox 159 1483 349 1539; x_wconf 79' lang='lat' dir='ltr'>precium</span> <span class='ocrx_word' id='word_1_230' title='bbox 381 1482 495 1524; x_wconf 87' lang='lat' dir='ltr'>ulnae</span> <span class='ocrx_word' id='word_1_231' title='bbox 528 1481 598 1536; x_wconf 69' lang='lat' dir='ltr'>vjd,</span> <span class='ocrx_word' id='word_1_232' title='bbox 631 1480 752 1535; x_wconf 73' lang='lat' dir='ltr'>xxij⁸.</span> <span class='ocrx_word' id='word_1_233' title='bbox 786 1482 855 1538; x_wconf 69' lang='lat' dir='ltr'>vjd.</span> <span class='ocrx_word' id='word_1_234' title='bbox 978 1482 1155 1524; x_wconf 79' lang='lat' dir='ltr'>Summa</span> <span class='ocrx_word' id='word_1_235' title='bbox 1177 1482 1395 1523; x_wconf 67' lang='lat' dir='ltr'>cns-und.</span> <span class='ocrx_word' id='word_1_236' title='bbox 1525 1481 1701 1523; x_wconf 81' lang='lat' dir='ltr'>Summa</span> 
     </span>
     <span class='ocr_line' id='line_1_25' title="bbox 160 1539 1699 1596; baseline -0.001 -14"><span class='ocrx_word' id='word_1_237' title='bbox 160 1543 349 1583; x_wconf 86' lang='lat' dir='ltr'>omnium</span> <span class='ocrx_word' id='word_1_238' title='bbox 372 1554 654 1596; x_wconf 83' lang='lat' dir='ltr'>expensarum</span> <span class='ocrx_word' id='word_1_239' title='bbox 677 1539 902 1595; x_wconf 66' lang='lat' dir='ltr'>iiijxxxiiij¹.</span> <span class='ocrx_word' id='word_1_240' title='bbox 926 1539 1003 1595; x_wconf 73' lang='lat' dir='ltr'>ij.</span> <span class='ocrx_word' id='word_1_241' title='bbox 1021 1539 1090 1581; x_wconf 49' lang='lat' dir='ltr'>xdv</span> <span class='ocrx_word' id='word_1_242' title='bbox 1208 1539 1264 1581; x_wconf 90' lang='lat' dir='ltr'>Et</span> <span class='ocrx_word' id='word_1_243' title='bbox 1279 1540 1337 1582; x_wconf 80' lang='lat' dir='ltr'>sic</span> <span class='ocrx_word' id='word_1_244' title='bbox 1354 1539 1567 1583; x_wconf 78' lang='lat' dir='ltr'>debent-ur</span> <span class='ocrx_word' id='word_1_245' title='bbox 1583 1553 1699 1581; x_wconf 84' lang='lat' dir='ltr'>com-</span> 
     </span>
     <span class='ocr_line' id='line_1_26' title="bbox 161 1597 811 1656; baseline -0.006 -14"><span class='ocrx_word' id='word_1_246' title='bbox 161 1600 330 1656; x_wconf 82' lang='lat' dir='ltr'>putanti</span> <span class='ocrx_word' id='word_1_247' title='bbox 344 1599 443 1655; x_wconf 14' lang='lat' dir='ltr'>xvjrk</span> <span class='ocrx_word' id='word_1_248' title='bbox 460 1598 546 1655; x_wconf 79' lang='lat' dir='ltr'>vij⁵.</span> <span class='ocrx_word' id='word_1_249' title='bbox 564 1597 640 1654; x_wconf 66' lang='lat' dir='ltr'>iijd.</span> <span class='ocrx_word' id='word_1_250' title='bbox 658 1597 726 1639; x_wconf 90' lang='lat' dir='ltr'>ob.</span> <span class='ocrx_word' id='word_1_251' title='bbox 749 1603 811 1655; x_wconf 61' lang='lat' dir='ltr'>qa.</span> 
     </span>
    </p>
   </div>
   <div class='ocr_carea' id='block_1_3' title="bbox 282 1877 1581 1907">
    <p class='ocr_par' dir='ltr' id='par_1_5' title="bbox 282 1877 1581 1907">
     <span class='ocr_line' id='line_1_27' title="bbox 282 1877 1581 1907; baseline -0.002 0"><span class='ocrx_word' id='word_1_252' title='bbox 282 1878 462 1907; x_wconf 83' lang='lat' dir='ltr'><strong>CCXLVI.</strong></span> <span class='ocrx_word' id='word_1_253' title='bbox 509 1877 664 1906; x_wconf 88' lang='lat' dir='ltr'>BULLA</span> <span class='ocrx_word' id='word_1_254' title='bbox 710 1879 835 1907; x_wconf 82' lang='lat' dir='ltr'>BONA</span> <span class='ocrx_word' id='word_1_255' title='bbox 883 1879 939 1907; x_wconf 87' lang='lat' dir='ltr'>ET</span> <span class='ocrx_word' id='word_1_256' title='bbox 981 1879 1157 1907; x_wconf 82' lang='lat' dir='ltr'><strong>OPTIMA</strong></span> <span class='ocrx_word' id='word_1_257' title='bbox 1199 1877 1581 1906; x_wconf 59' lang='lat' dir='ltr'>CONFIRMATORIA</span> 
     </span>
    </p>
   </div>
   <div class='ocr_carea' id='block_1_4' title="bbox 280 1935 1580 2023">
    <p class='ocr_par' dir='ltr' id='par_1_6' title="bbox 280 1935 1580 2023">
     <span class='ocr_line' id='line_1_28' title="bbox 280 1935 1580 1965; baseline -0.002 0"><span class='ocrx_word' id='word_1_258' title='bbox 280 1936 659 1965; x_wconf 76' lang='lat' dir='ltr'><strong>CONSERVATORIA</strong></span> <span class='ocrx_word' id='word_1_259' title='bbox 689 1937 745 1965; x_wconf 90' lang='lat' dir='ltr'>ET</span> <span class='ocrx_word' id='word_1_260' title='bbox 768 1937 1064 1965; x_wconf 86' lang='lat' dir='ltr'>EXECUTORIA</span> <span class='ocrx_word' id='word_1_261' title='bbox 1086 1937 1176 1964; x_wconf 75' lang='lat' dir='ltr'>PRO</span> <span class='ocrx_word' id='word_1_262' title='bbox 1201 1936 1347 1964; x_wconf 84' lang='lat' dir='ltr'><strong>CELLA</strong></span> <span class='ocrx_word' id='word_1_263' title='bbox 1364 1936 1422 1963; x_wconf 90' lang='lat' dir='ltr'>DE</span> <span class='ocrx_word' id='word_1_264' title='bbox 1442 1935 1580 1964; x_wconf 87' lang='lat' dir='ltr'>COLD-</span> 
     </span>
     <span class='ocr_line' id='line_1_29' title="bbox 283 1995 482 2023; baseline 0.005 -1"><span class='ocrx_word' id='word_1_265' title='bbox 283 1995 482 2023; x_wconf 79' lang='lat' dir='ltr'>iNGHAM.</span> 
     </span>
    </p>
   </div>
   <div class='ocr_carea' id='block_1_5' title="bbox 750 2086 1131 2132">
    <p class='ocr_par' dir='ltr' id='par_1_7' title="bbox 750 2086 1131 2132">
     <span class='ocr_line' id='line_1_30' title="bbox 750 2086 1131 2132; baseline -0.003 -11"><span class='ocrx_word' id='word_1_266' title='bbox 750 2088 856 2130; x_wconf 74' lang='lat' dir='ltr'>[Cart.</span> <span class='ocrx_word' id='word_1_267' title='bbox 874 2089 947 2121; x_wconf 82' lang='grc' dir='ltr'><strong>ῘΙΪ.</strong></span> <span class='ocrx_word' id='word_1_268' title='bbox 962 2086 1021 2121; x_wconf 80' lang='lat' dir='ltr'>fol.</span> <span class='ocrx_word' id='word_1_269' title='bbox 1042 2088 1131 2132; x_wconf 62' lang='lat'>172]</span> 
     </span>
    </p>
   </div>
   <div class='ocr_carea' id='block_1_6' title="bbox 164 2180 1703 2824">
    <p class='ocr_par' dir='ltr' id='par_1_8' title="bbox 164 2180 1703 2824">
     <span class='ocr_line' id='line_1_31' title="bbox 224 2180 1701 2239; baseline -0.005 -11"><span class='ocrx_word' id='word_1_270' title='bbox 224 2186 429 2228; x_wconf 85' lang='lat' dir='ltr'>Nicolaus</span> <span class='ocrx_word' id='word_1_271' title='bbox 464 2184 711 2239; x_wconf 79' lang='lat' dir='ltr'>Episcopus,</span> <span class='ocrx_word' id='word_1_272' title='bbox 747 2198 892 2225; x_wconf 89' lang='lat' dir='ltr'>servus</span> <span class='ocrx_word' id='word_1_273' title='bbox 926 2197 1145 2225; x_wconf 86' lang='lat' dir='ltr'>servorum</span> <span class='ocrx_word' id='word_1_274' title='bbox 1166 2181 1267 2232; x_wconf 87' lang='lat' dir='ltr'>Dei,</span> <span class='ocrx_word' id='word_1_275' title='bbox 1291 2181 1344 2223; x_wconf 83' lang='lat' dir='ltr'>ad</span> <span class='ocrx_word' id='word_1_276' title='bbox 1366 2187 1618 2237; x_wconf 86' lang='lat' dir='ltr'>perpetuam</span> <span class='ocrx_word' id='word_1_277' title='bbox 1640 2180 1701 2222; x_wconf 79' lang='lat' dir='ltr'>rei</span> 
     </span>
     <span class='ocr_line' id='line_1_32' title="bbox 167 2239 1701 2298; baseline -0.005 -11"><span class='ocrx_word' id='word_1_278' title='bbox 167 2244 430 2287; x_wconf 81' lang='lat' dir='ltr'>memoriam.</span> <span class='ocrx_word' id='word_1_279' title='bbox 497 2242 619 2283; x_wconf 82' lang='lat' dir='ltr'>Licet</span> <span class='ocrx_word' id='word_1_280' title='bbox 641 2257 692 2283; x_wconf 88' lang='lat' dir='ltr'>ea</span> <span class='ocrx_word' id='word_1_281' title='bbox 713 2257 808 2298; x_wconf 86' lang='lat' dir='ltr'>quae</span> <span class='ocrx_word' id='word_1_282' title='bbox 831 2241 1068 2296; x_wconf 83' lang='lat' dir='ltr'>apostolica</span> <span class='ocrx_word' id='word_1_283' title='bbox 1084 2240 1339 2282; x_wconf 85' lang='lat' dir='ltr'>auctoritate</span> <span class='ocrx_word' id='word_1_284' title='bbox 1355 2239 1577 2281; x_wconf 85' lang='lat' dir='ltr'>retroactis</span> <span class='ocrx_word' id='word_1_285' title='bbox 1595 2248 1701 2280; x_wconf 91' lang='lat' dir='ltr'>tem-</span> 
     </span>
     <span class='ocr_line' id='line_1_33' title="bbox 165 2297 1701 2358; baseline -0.003 -15"><span class='ocrx_word' id='word_1_286' title='bbox 165 2303 339 2358; x_wconf 85' lang='lat' dir='ltr'>poribus</span> <span class='ocrx_word' id='word_1_287' title='bbox 375 2302 489 2343; x_wconf 86' lang='lat' dir='ltr'>facta</span> <span class='ocrx_word' id='word_1_288' title='bbox 519 2301 694 2342; x_wconf 85' lang='lat' dir='ltr'>fuerunt</span> <span class='ocrx_word' id='word_1_289' title='bbox 727 2300 897 2355; x_wconf 84' lang='lat' dir='ltr'>plenam</span> <span class='ocrx_word' id='word_1_290' title='bbox 935 2300 1156 2341; x_wconf 82' lang='lat' dir='ltr'>obtineant</span> <span class='ocrx_word' id='word_1_291' title='bbox 1176 2297 1434 2348; x_wconf 84' lang='lat' dir='ltr'>firmitatem,</span> <span class='ocrx_word' id='word_1_292' title='bbox 1459 2312 1533 2338; x_wconf 84' lang='lat' dir='ltr'>nos</span> <span class='ocrx_word' id='word_1_293' title='bbox 1556 2307 1701 2338; x_wconf 87' lang='lat' dir='ltr'>tamen</span> 
     </span>
     <span class='ocr_line' id='line_1_34' title="bbox 164 2355 1700 2414; baseline -0.005 -11"><span class='ocrx_word' id='word_1_294' title='bbox 164 2361 245 2403; x_wconf 81' lang='lat' dir='ltr'>illis</span> <span class='ocrx_word' id='word_1_295' title='bbox 265 2360 479 2403; x_wconf 77' lang='lat' dir='ltr'>interdum</span> <span class='ocrx_word' id='word_1_296' title='bbox 502 2358 796 2400; x_wconf 76' lang='lat' dir='ltr'>nichilominus</span> <span class='ocrx_word' id='word_1_297' title='bbox 818 2358 1038 2414; x_wconf 82' lang='lat' dir='ltr'>apostolici</span> <span class='ocrx_word' id='word_1_298' title='bbox 1060 2356 1299 2398; x_wconf 80' lang='lat' dir='ltr'>muniminis</span> <span class='ocrx_word' id='word_1_299' title='bbox 1315 2357 1447 2397; x_wconf 87' lang='lat' dir='ltr'>robur</span> <span class='ocrx_word' id='word_1_300' title='bbox 1462 2355 1700 2410; x_wconf 84' lang='lat' dir='ltr'>adjicimus,</span> 
     </span>
     <span class='ocr_line' id='line_1_35' title="bbox 166 2413 1703 2473; baseline -0.005 -12"><span class='ocrx_word' id='word_1_301' title='bbox 166 2429 213 2461; x_wconf 88' lang='lat' dir='ltr'>ut</span> <span class='ocrx_word' id='word_1_302' title='bbox 246 2435 299 2460; x_wconf 89' lang='lat' dir='ltr'>eo</span> <span class='ocrx_word' id='word_1_303' title='bbox 335 2417 495 2460; x_wconf 87' lang='lat' dir='ltr'>firmius</span> <span class='ocrx_word' id='word_1_304' title='bbox 533 2416 696 2459; x_wconf 80' lang='lat' dir='ltr'>illibata</span> <span class='ocrx_word' id='word_1_305' title='bbox 715 2418 958 2471; x_wconf 84' lang='lat' dir='ltr'>persistant,</span> <span class='ocrx_word' id='word_1_306' title='bbox 983 2431 1069 2473; x_wconf 88' lang='lat' dir='ltr'>quo</span> <span class='ocrx_word' id='word_1_307' title='bbox 1090 2415 1224 2470; x_wconf 85' lang='lat' dir='ltr'>magis</span> <span class='ocrx_word' id='word_1_308' title='bbox 1245 2422 1393 2456; x_wconf 88' lang='lat' dir='ltr'>nostro</span> <span class='ocrx_word' id='word_1_309' title='bbox 1414 2413 1570 2455; x_wconf 86' lang='lat' dir='ltr'>fuerint</span> <span class='ocrx_word' id='word_1_310' title='bbox 1593 2427 1703 2469; x_wconf 88' lang='lat' dir='ltr'>prae-</span> 
     </span>
     <span class='ocr_line' id='line_1_36' title="bbox 166 2470 1702 2530; baseline -0.005 -11"><span class='ocrx_word' id='word_1_311' title='bbox 166 2477 275 2519; x_wconf 86' lang='lat' dir='ltr'>sidio</span> <span class='ocrx_word' id='word_1_312' title='bbox 296 2476 577 2525; x_wconf 86' lang='lat' dir='ltr'>communita3</span> <span class='ocrx_word' id='word_1_313' title='bbox 601 2490 650 2516; x_wconf 81' lang='lat' dir='ltr'>ac</span> <span class='ocrx_word' id='word_1_314' title='bbox 671 2475 805 2517; x_wconf 88' lang='lat' dir='ltr'>eciam</span> <span class='ocrx_word' id='word_1_315' title='bbox 827 2475 1008 2530; x_wconf 86' lang='lat' dir='ltr'>desuper</span> <span class='ocrx_word' id='word_1_316' title='bbox 1023 2474 1292 2529; x_wconf 83' lang='lat' dir='ltr'>providemus</span> <span class='ocrx_word' id='word_1_317' title='bbox 1309 2481 1436 2526; x_wconf 80' lang='lat' dir='ltr'>prout</span> <span class='ocrx_word' id='word_1_318' title='bbox 1451 2471 1493 2512; x_wconf 91' lang='lat' dir='ltr'>in</span> <span class='ocrx_word' id='word_1_319' title='bbox 1513 2470 1702 2513; x_wconf 87' lang='lat' dir='ltr'>Domino</span> 
     </span>
     <span class='ocr_line' id='line_1_37' title="bbox 166 2530 1703 2589; baseline -0.005 -12"><span class='ocrx_word' id='word_1_320' title='bbox 166 2536 392 2577; x_wconf 85' lang='lat' dir='ltr'>salubriter</span> <span class='ocrx_word' id='word_1_321' title='bbox 426 2533 719 2588; x_wconf 89' lang='lat' dir='ltr'>cognoscimus</span> <span class='ocrx_word' id='word_1_322' title='bbox 753 2533 974 2589; x_wconf 87' lang='lat' dir='ltr'>expedire.</span> <span class='ocrx_word' id='word_1_323' title='bbox 1034 2531 1212 2574; x_wconf 91' lang='lat' dir='ltr'>Dudum</span> <span class='ocrx_word' id='word_1_324' title='bbox 1234 2530 1454 2586; x_wconf 87' lang='lat' dir='ltr'>siquidem,</span> <span class='ocrx_word' id='word_1_325' title='bbox 1486 2544 1562 2584; x_wconf 88' lang='lat' dir='ltr'>pro</span> <span class='ocrx_word' id='word_1_326' title='bbox 1584 2537 1703 2584; x_wconf 84' lang='lat' dir='ltr'>parte</span> 
     </span>
     <span class='ocr_line' id='line_1_38' title="bbox 165 2586 1702 2642; baseline -0.005 -7"><span class='ocrx_word' id='word_1_327' title='bbox 165 2594 418 2635; x_wconf 84' lang='lat' dir='ltr'>dilectorum</span> <span class='ocrx_word' id='word_1_328' title='bbox 433 2592 616 2633; x_wconf 85' lang='lat' dir='ltr'>filiorum</span> <span class='ocrx_word' id='word_1_329' title='bbox 639 2590 795 2632; x_wconf 86' lang='lat' dir='ltr'>Prioris</span> <span class='ocrx_word' id='word_1_330' title='bbox 813 2599 855 2633; x_wconf 90' lang='lat' dir='ltr'>et</span> <span class='ocrx_word' id='word_1_331' title='bbox 873 2592 1123 2632; x_wconf 84' lang='lat' dir='ltr'>Conventus</span> <span class='ocrx_word' id='word_1_332' title='bbox 1143 2587 1397 2631; x_wconf 83' lang='lat' dir='ltr'>Monasterii</span> <span class='ocrx_word' id='word_1_333' title='bbox 1414 2602 1488 2642; x_wconf 84' lang='lat' dir='ltr'>per</span> <span class='ocrx_word' id='word_1_334' title='bbox 1508 2586 1702 2628; x_wconf 82' lang='lat' dir='ltr'>Priorem</span> 
     </span>
     <span class='ocr_line' id='line_1_39' title="bbox 165 2644 1702 2708; baseline -0.005 -16"><span class='ocrx_word' id='word_1_335' title='bbox 165 2652 276 2693; x_wconf 81' lang='lat' dir='ltr'>soliti</span> <span class='ocrx_word' id='word_1_336' title='bbox 309 2649 535 2708; x_wconf 86' lang='lat' dir='ltr'>gubernari</span> <span class='ocrx_word' id='word_1_337' title='bbox 571 2649 703 2691; x_wconf 86' lang='lat' dir='ltr'>sancti</span> <span class='ocrx_word' id='word_1_338' title='bbox 729 2649 957 2691; x_wconf 88' lang='lat' dir='ltr'>Cuthberti</span> <span class='ocrx_word' id='word_1_339' title='bbox 991 2649 1175 2704; x_wconf 90' lang='lat' dir='ltr'>episcopi</span> <span class='ocrx_word' id='word_1_340' title='bbox 1200 2658 1241 2689; x_wconf 88' lang='lat' dir='ltr'>et</span> <span class='ocrx_word' id='word_1_341' title='bbox 1262 2644 1512 2688; x_wconf 87' lang='lat' dir='ltr'>confessoris</span> <span class='ocrx_word' id='word_1_342' title='bbox 1535 2644 1702 2687; x_wconf 88' lang='lat' dir='ltr'>Dunel·</span> 
     </span>
     <span class='ocr_line' id='line_1_40' title="bbox 166 2701 1702 2761; baseline -0.005 -11"><span class='ocrx_word' id='word_1_343' title='bbox 166 2710 337 2761; x_wconf 74' lang='lat' dir='ltr'>mensis,</span> <span class='ocrx_word' id='word_1_344' title='bbox 375 2707 507 2750; x_wconf 83' lang='lat' dir='ltr'>felicis</span> <span class='ocrx_word' id='word_1_345' title='bbox 548 2707 860 2750; x_wconf 82' lang='lat' dir='ltr'>recordacionis</span> <span class='ocrx_word' id='word_1_346' title='bbox 905 2707 1100 2761; x_wconf 82' lang='lat' dir='ltr'>Eugenio</span> <span class='ocrx_word' id='word_1_347' title='bbox 1145 2706 1274 2760; x_wconf 79' lang='lat' dir='ltr'>Papae</span> <span class='ocrx_word' id='word_1_348' title='bbox 1314 2719 1357 2745; x_wconf 84' lang='grc' dir='ltr'>ιν</span> <span class='ocrx_word' id='word_1_349' title='bbox 1400 2701 1702 2759; x_wconf 71' lang='lat' dir='ltr'>praedecessori</span> 
     </span>
     <span class='ocr_line' id='line_1_41' title="bbox 164 2758 1703 2824; baseline -0.004 -17"><span class='ocrx_word' id='word_1_350' title='bbox 164 2777 308 2809; x_wconf 72' lang='lat' dir='ltr'>nostro</span> <span class='ocrx_word' id='word_1_351' title='bbox 343 2765 554 2824; x_wconf 76' lang='lat' dir='ltr'>exposito,</span> <span class='ocrx_word' id='word_1_352' title='bbox 591 2766 705 2823; x_wconf 88' lang='lat' dir='ltr'>quod</span> <span class='ocrx_word' id='word_1_353' title='bbox 740 2764 832 2822; x_wconf 81' lang='lat' dir='ltr'>ipsi,</span> <span class='ocrx_word' id='word_1_354' title='bbox 867 2780 1098 2822; x_wconf 81' lang='lat' dir='ltr'>eorumque</span> <span class='ocrx_word' id='word_1_355' title='bbox 1120 2765 1471 2821; x_wconf 77' lang='lat' dir='ltr'>p1·aedecessore5‚</span> <span class='ocrx_word' id='word_1_356' title='bbox 1497 2776 1552 2804; x_wconf 73' lang='lat' dir='ltr'>ex</span> <span class='ocrx_word' id='word_1_357' title='bbox 1574 2758 1703 2818; x_wconf 82' lang='lat' dir='ltr'>largi-</span> 
     </span>
    </p>
   </div>
  </div>
 </body>
</html>
