1807 2962
168 100 221 129 CC
480 98 613 129 HIST.
638 96 876 129 ·DUNELM.
905 96 1210 127 SCRIPTORES
1238 96 1378 127 TRES.

168 207 309 262 patria
330 206 370 247 in
394 205 571 261 patriam
596 205 637 246 in
670 204 818 246 habitu
847 203 1022 245 seculari
1046 203 1382 259 circumvagatur
1404 209 1444 244 et
1467 202 1660 243 discurrit
1681 217 1692 251 3

166 265 210 305 in
242 264 395 305 animae
426 280 514 306 suae
544 278 673 318 grave
706 262 937 317 periculum
970 271 1014 302 et
1046 260 1201 302 ordinis
1234 260 1426 315 praedicti
1448 260 1691 301 scandalum

166 322 436 364 manifestum
488 333 531 363 et
582 320 863 376 perniciosum
914 320 1157 374 exemplum
1197 318 1387 360 aliorum.
1479 318 1694 367 Quocirca

166 381 433 436 majestatem
463 388 646 421 vestram
677 378 837 433 regiam
869 376 1063 432 precibus
1093 377 1365 431 aggredimur
1394 376 1620 416 humilibus
1652 385 1695 417 et

168 438 348 489 devotis,
373 439 568 495 quatinus
592 452 668 492 pro
690 438 782 492 ipso
809 438 860 477 A.
883 435 1110 476 arestando
1132 443 1175 476 et
1197 436 1344 476 domui
1366 449 1452 475 suae
1473 434 1692 489 praedictae

167 496 446 546 restituendo,
474 496 602 551 juxta
622 495 812 551 regulam
834 493 991 535 ordinis
1014 492 1075 533 sui
1098 493 1361 550 castigando,
1385 500 1588 533 consueta
1609 491 1694 532 cle-

167 555 332 596 mencia
362 555 596 596 extendere
628 551 860 609 dignemini
891 552 1109 593 brachium
1141 551 1340 600 seculare,
1364 565 1417 591 ne
1439 565 1516 604 pro
1537 549 1693 590 debitae

166 612 430 654 cohercionis
472 611 738 668 negligencia
778 610 918 651 taliter
958 617 1104 663 pereat
1139 608 1351 664 plantacio
1384 609 1530 649 divino
1561 606 1693 648 cultui

167 671 420 726 mancipata.
488 670 641 711 Valeat
673 668 867 710 nobilitas
891 677 1028 709 vestra
1049 667 1276 708 metuenda
1297 667 1340 707 in
1363 682 1415 708 eo
1436 666 1508 722 qui
1541 674 1695 707 cuncta

166 731 278 784 regit
310 738 352 771 et
381 728 592 783 gubernat
632 737 676 769 et
715 727 883 780 regibus
913 726 986 766 dat
1008 740 1202 780 regnare.
1264 726 1316 766 ln
1353 725 1473 779 cujus
1494 723 1569 773 rei,
1594 725 1690 772 &C.‚

165 788 349 845 sigillum
372 795 563 828 nostrum
585 785 867 841 apposuimus.
932 783 1049 825 Data
1069 784 1182 838 apud
1208 783 1258 825 E.
1273 798 1385 825 anno
1404 781 1578 824 Domini
1601 781 1694 822 mil-

165 846 329 896 lesimo,
354 847 431 889 810.

427 1085 607 1115 CLXXIV.
643 1085 810 1112 LITERA
832 1083 961 1111 MISSA
984 1082 1167 1110 DOMINO
1192 1081 1427 1113 EPISCOPO.

691 1162 797 1206 [Reg.
819 1163 869 1193 11.
888 1161 987 1193 Parv.
1004 1160 1061 1193 fol.
1079 1161 1100 1193 4
1117 1162 1165 1204 b.]

222 1242 530 1285 Reverenciam
567 1250 610 1282 et
643 1241 852 1282 honorem
886 1253 981 1280 cum
1015 1238 1266 1280 obediencia
1295 1237 1442 1281 filiali!
1478 1239 1694 1282 Reveren-

164 1303 333 1345 dissime
354 1311 473 1356 pater
495 1310 538 1341 et
560 1298 745 1348 domine,
769 1298 876 1339 sicut
898 1307 1050 1339 vestrae
1072 1297 1313 1352 paternitati
1330 1298 1574 1338 reverendae
1592 1314 1693 1339 con-

164 1362 296 1402 frater
333 1375 450 1400 meus
492 1358 723 1399 Willelmus
765 1357 900 1411 Barry
936 1371 1073 1411 nuper
1110 1355 1321 1410 exposuit,
1355 1355 1525 1411 quidam
1553 1357 1692 1397 Adam

163 1419 358 1462 Durham
382 1417 613 1470 vulgariter
634 1423 915 1470 nuncupatim,
939 1414 1123 1470 maligno
1146 1414 1297 1454 ductus
1319 1413 1480 1468 spiritu,
1500 1414 1692 1456 habiturn

164 1476 455 1519 monachalem
478 1490 503 1516 a
524 1490 567 1516 se
590 1482 752 1515 temere
775 1474 966 1528 projecit,
991 1481 1033 1512 et
1058 1471 1249 1512 habitum
1270 1471 1441 1512 indutus
1460 1472 1692 1514 secularem

157 1537 247 1592 jam
282 1534 445 1576 diucius
480 1531 749 1588 pervagavit3
783 1546 837 1571 ex
870 1530 986 1584 cujus
1023 1530 1247 1584 apostasia,
1281 1544 1357 1584 per
1387 1530 1530 1585 plures
1559 1545 1692 1572 annos

165 1594 425 1642 continuata,
460 1600 547 1632 tam
578 1590 617 1630 in
652 1590 766 1631 clero
800 1603 925 1645 quam
948 1589 990 1628 in
1014 1588 1174 1643 populo
1195 1588 1339 1642 gravia
1360 1588 1553 1629 oriuntur
1573 1604 1694 1630 scan-

165 1653 286 1701 dala3
320 1661 361 1693 et
382 1665 477 1692 cum
499 1648 730 1690 secundum
746 1649 846 1703 jura
866 1646 1147 1687 ecclesiastica
1168 1655 1211 1686 et
1233 1646 1560 1688 constituciones
1581 1647 1694 1688 ordi-

163 1713 228 1751 nis
265 1710 393 1751 talem
426 1707 651 1762 fugitivum
682 1705 907 1760 diligenter
935 1714 1131 1746 teneatur
1152 1703 1367 1760 requirere
1400 1720 1551 1759 capere
1573 1713 1616 1746 et
1638 1705 1693 1746 ad

164 1769 381 1824 proprium
404 1766 514 1807 ovile
535 1765 752 1814 reducere,
777 1779 830 1804 ne
849 1763 890 1803 id
912 1763 1067 1817 possim
1087 1762 1263 1817 implere
1281 1777 1356 1816 per
1372 1763 1562 1804 homines
1579 1763 1692 1804 villae

163 1828 217 1868 de
258 1827 443 1881 Byrtton
479 1823 522 1863 in
560 1822 803 1877 Lyndesay,
839 1820 909 1876 qui
943 1828 1040 1860 sunt
1074 1820 1127 1860 de
1160 1819 1348 1860 dominio
1380 1821 1541 1861 domini
1563 1822 1693 1863 nostri

165 1883 390 1938 Principis,
415 1883 549 1936 ipsum
585 1880 726 1921 Adam
751 1878 1044 1927 defendentes,
1068 1877 1149 1918 huc
1172 1892 1304 1932 usque
1326 1892 1416 1917 sum
1439 1879 1691 1932 impeditus3

163 1943 276 1983 unde
298 1938 579 1982 venerabilem
598 1946 779 1978 vestram
804 1935 1099 1989 paternitatem
1114 1935 1312 1975 humilius
1330 1950 1476 1985 exoro,
1495 1938 1691 1992 quatinus

165 2000 220 2041 ad
252 1998 412 2040 dictum
451 1996 591 2037 Adam
625 1993 879 2048 capiendum
904 1993 1042 2033 Breve
1069 1992 1250 2046 Regium
1273 2007 1321 2033 ac
1343 1993 1507 2034 literam
1531 1994 1691 2036 domini

163 2056 298 2099 nostri
321 2054 527 2108 Principis
549 2051 807 2093 seneschallo
829 2065 904 2091 suo
922 2049 1183 2103 dirigendam
1201 2051 1425 2105 impetrare
1439 2051 1688 2109 dignemini.

168 2117 387 2164 Ceterum,
419 2105 767 2153 reverendissime
799 2117 932 2163 pater,
956 2123 1051 2148 culn
1073 2108 1126 2149 ad
1149 2109 1480 2163 comparendum
1504 2119 1547 2151 et
1563 2110 1692 2152 inter-

164 2174 392 2215 essendum
424 2170 466 2210 in
497 2168 669 2210 instanti
694 2167 977 2208 Parliamento
999 2166 1158 2207 domini
1182 2166 1311 2206 nostri
1335 2166 1466 2223 Regis
1492 2168 1690 2210 Conven-

164 2243 231 2273 tus
267 2230 335 2271 vel
368 2244 463 2282 ego,
487 2228 595 2268 sicut
620 2226 713 2267 fieri
734 2224 966 2274 consuevit,
991 2224 1161 2265 minime
1184 2224 1300 2265 citati
1323 2224 1475 2265 fuimus
1496 2227 1561 2267 vel
1583 2242 1692 2281 prae-

164 2290 332 2339 muniti,
369 2287 402 2327 si
436 2301 490 2328 ex
523 2293 666 2325 nostra
687 2283 882 2324 absencia
902 2283 1072 2338 aliquod
1096 2282 1217 2323 nobis
1239 2283 1449 2324 senseritis
1472 2283 1690 2327 imminere

164 2347 397 2403 periculum
434 2358 489 2385 ex
530 2358 658 2385 causa
695 2341 902 2396 praedicta
941 2355 1018 2381 nos
1059 2340 1194 2381 velitis
1233 2341 1414 2382 reddere
1451 2352 1687 2388 excusatos.

170 2406 366 2446 Vestram
398 2401 694 2458 paternitatem
726 2399 998 2440 reverendam
1031 2399 1103 2440 diu
1135 2409 1358 2440 conservet
1380 2400 1625 2442 Altissimus
1648 2401 1690 2442 in

164 2462 373 2519 prosperis
406 2472 448 2502 et
481 2459 638 2516 dirigat
673 2458 715 2499 in
750 2457 962 2512 agendis‚·
1008 2457 1174 2513 Scripta
1209 2457 1427 2509 Dunelmi,
1462 2464 1599 2499 xx111⁰
1622 2458 1690 2500 die

165 2521 316 2563 mensis
344 2518 541 2562 Octobris
562 2526 642 2560 etc.
707 2514 876 2573 [1407]
