1807 2962
208 58 314 107 miv
518 71 654 102 ms‘r.
682 69 920 102 DUNELM.
950 70 1259 103 SCRIPTORES
1286 71 1424 103 TRES.

322 300 417 328 XIV.
453 300 599 328 CARTA
619 299 873 329 WILLIELMI
894 300 1100 328 EPISCOPI
1119 301 1255 328 PRIMI
1272 302 1329 328 DE
1353 301 1627 330 PRIVILEGIO‘

323 359 714 387 SPIRITUALITATIS
737 359 793 386 ET
817 359 1156 386 LIBERTATIBUS
1173 358 1572 388 TEMPORALITATIS
1596 360 1622 388 A

327 418 590 445 WILLIELMO
610 417 757 444 PRIMO
775 416 896 444 REGE
920 416 1100 444 ANGLIAE
1124 418 1180 444 ET
1202 417 1229 444 A}
1252 418 1490 445 GREGORIO
1509 419 1624 446 PAPA·

330 476 528 503 SEPTIMO
554 474 880 503 CONFIRMATIS.

676 546 727 589 [l.
743 549 770 579 1.
790 545 891 580 Pont.
910 549 950 580 A.
966 548 992 580 1’.
1008 552 1043 580 et
1060 548 1154 580 Oai-‚t
1173 548 1202 580 1.
1214 549 1290 590 69]

279 625 606 668 Veneiabilibus
651 626 850 668 Patribus
894 625 946 670 L.
990 626 1076 668 Dei
1112 627 1254 684 gracia
1280 626 1575 669 Cantuariensi
1606 634 1649 668 et
1683 625 1739 669 Τ

219 681 480 725 Eboracensi
512 685 874 740 Alchiepiscopis,
908 694 950 726 et
981 685 1175 726 omnibus
1208 685 1429 741 Episcopis
1461 685 1504 725 in
1525 684 1746 740 episcopa«
1803 684 1807 731 ζ

215 750 304 782 tum
331 742 663 784 Dunelmensem
695 743 898 784 canonice
930 743 1269 795 suceedentibus,
1294 754 1338 785 et
1366 743 1569 785 universis
1598 758 1744 798 perso-

216 799 278 840 nis
309 800 583 842 ecclesiarum
616 801 896 856 Episcopatus
939 801 1252 852 Dunelmensis,
1290 802 1551 843 Willielmus
1592 802 1745 843 eadem
1805 805 1807 817 ⁴

217 858 360 911 gracia
381 859 552 900 humilis
574 859 761 900 minister
784 859 1087 901 Dunelmensis
1110 860 1299 901 ecclesiae
1320 860 1514 904 salutem.
1578 860 1744 901 Notum

219 917 272 957 sit
293 917 502 966 omnibus,
527 927 613 958 tam
647 918 925 972 praesentibus
951 933 1079 975 quam
1100 918 1265 969 futuris,
1288 919 1404 974 quod
1426 917 1598 975 quando
1623 917 1749 973 Epis-

220 984 422 1028 copatum
457 976 792 1017 Dunelmensem
827 975 925 1018 Deo
962 985 1134 1018 auctore
1166 978 1440 1031 suscepimus,
1474 984 1631 1018 sanctae
1659 990 1749 1016 me-

220 1032 368 1073 moriae
392 1033 565 1074 domino
587 1034 705 1090 Papa
724 1034 936 1088 Gregorio
954 1034 1135 1089 septimo
1150 1033 1519 1076 consecracionem
1543 1042 1745 1082 nostram,

218 1090 436 1132 voluntate
459 1091 617 1132 domini
641 1094 722 1133 mei
753 1092 927 1148 gloriosi
951 1092 1083 1146 Regis
1109 1092 1336 1143 Willielmi,
1360 1092 1535 1134 consilio
1557 1092 1683 1134 etiam
1705 1099 1749 1132 et

223 1163 392 1190 assensu
431 1150 714 1190 multitudinis
761 1150 874 1191 Cleri
910 1150 1095 1205 Angliae,
1134 1167 1160 1193 a
1191 1151 1366 1192 domino
1400 1151 1452 1193 T.
1489 1149 1748 1192 Ebmacensi

222 1206 500 1261 solempniter
540 1208 809 1258 celebratam,
863 1209 1159 1260 confirmante,
1211 1218 1387 1276 propter
1436 1207 1747 1250 desolacionem

223 1263 525 1306 Dunelmensis
560 1266 763 1316 ecclesiae,
798 1274 842 1308 et
880 1265 1206 1322 incorrigibilem
1249 1269 1378 1309 vitam
1418 1266 1667 1308 clericorum
1705 1265 1748 1306 in

221 1322 455 1376 praesencia
470 1325 691 1365 reverendi
716 1324 979 1367 Confessmis
1001 1328 1136 1367 sancti
1161 1326 1389 1368 Cuthberti
1409 1327 1546 1367 minus
1568 1325 1752 1366 honeste

224 1380 517 1432 serviencium,
552 1392 594 1424 et
629 1383 764 1424 multa
791 1383 886 1430 alia,
922 1399 1018 1449 quae
1051 1385 1108 1426 ibi
1130 1384 1396 1426 emendanda
1417 1393 1550 1434 erant,
1574 1391 1752 1437 propter

225 1439 470 1480 scandalum
509 1440 637 1482 etiam
671 1441 894 1483 occisionis
931 1442 1014 1497 piae
1046 1443 1264 1484 memoriae
1303 1441 1512 1483 Walcheri
1544 1441 1751 1507 episcopi,

224 1497 549 1552 praedecessoris
577 1499 726 1550 nostri,
750 1499 947 1555 quatinus
969 1501 1090 1542 nobis
1123 1510 1165 1542 et
1187 1515 1403 1542 successm
1407 1500 1499 1541 ibus
1520 1500 1673 1540 nostris
1695 1498 1753 1538 de

225 1555 348 1596 simili
371 1571 469 1597 casu
487 1558 749 1612 inposterum
768 1558 977 1600 salubrius
994 1559 1325 1614 provideremus,
1345 1558 1563 1614 antiquum
1586 1571 1750 1599 molem

228 1614 588 1656 Lindisfarnensis
630 1617 871 1657 monasterii
912 1616 955 1667 in
996 1618 1173 1659 ecclesia
1226 1617 1504 1658 Dunelmensi
1545 1630 1751 1657 renovare

224 1673 489 1723 curavimus,
523 1683 569 1715 ut
597 1674 706 1716 sicut
726 1664 953 1728 ahquando
974 1675 1073 1725 illic,
1097 1677 1158 1717 ita
1178 1676 1370 1730 profecto
1394 1675 1536 1724 modo,
1561 1675 1629 1715 hic
1660 1688 1755 1714 mo-

227 1730 411 1772 nasticus
443 1732 550 1773 ordo
582 1741 835 1774 servaretur.
899 1734 1141 1789 Eapiopter
1172 1733 1388 1775 monachis
1421 1732 1551 1774 nostri
1576 1731 1753 1796 Episco-

226 1797 366 1843 patUS,
391 1790 445 1830 de
473 1789 620 1845 Gy1ue
641 1790 799 1831 scilicet
822 1803 863 1832 et
891 1791 1176 1843 Weremutha,
1200 1792 1324 1847 hujus
1345 1791 1515 1833 honoris
1537 1799 1580 1831 et
1597 1788 1750 1840 oneris,

229 1856 435 1901 quantum
476 1857 623 1889 nostra
656 1849 875 1898 intererat,
914 1849 1160 1891 facultatem
1193 1850 1360 1904 plenam
1395 1849 1656 1897 obtulimus3
1707 1856 1752 1888 et

229 1906 372 1945 onmia
393 1904 531 1945 ordini
563 1906 797 1947 monastico
823 1909 1118 1962 competencia
1137 1907 1368 1948 secundum
1391 1907 1515 1948 situm
1537 1906 1619 1947 loci
1642 1905 1755 1946 suffi-

230 1962 393 2003 cienter
425 1978 504 2004 nos
545 1963 778 2004 donaturos
814 1964 1095 2018 promisimus.
1160 1965 1247 2007 Sed
1286 1965 1367 2020 ipsi
1408 1965 1543 2006 multo
1574 1964 1754 2019 amplius

232 2021 420 2075 quietem
454 2035 571 2061 suam
609 2030 652 2061 et
683 2021 899 2076 pristinam
924 2022 1163 2065 libertatem
1192 2024 1484 2078 appreciantes
1507 2032 1549 2064 et
1569 2022 1755 2077 amplec-

232 2087 370 2119 tentes
392 2078 600 2120 desiderio
619 2089 766 2120 nostro
781 2079 880 2121 inde
896 2081 1133 2123 nullatenus
1151 2081 1508 2137 adquiescendum
1523 2081 1754 2130 duxerunt,

232 2137 368 2177 donec
405 2151 551 2178 omnes
585 2137 814 2187 libeltates,
851 2153 953 2194 quas
987 2140 1136 2181 beatus
1161 2140 1278 2194 Papa
1313 2148 1481 2181 sanctus
1521 2138 1760 2195 Gregorius

237 2194 498 2249 TheologuS,
534 2195 589 2236 ad
625 2205 841 2236 monaste}
845 2212 978 2238 1orum
1009 2208 1052 2239 et
1083 2197 1385 2239 monachorum
1418 2197 1605 2254 quietem
1612 2174 1758 2251 0perti-

232 2263 396 2302 nenteS‚
433 2253 487 2293 ab
512 2252 734 2307 Episcopis
770 2253 941 2296 minime
976 2256 1122 2297 violali
1145 2256 1349 2306 decrevit,
1372 2264 1416 2296 et
1439 2270 1541 2311 quas
1569 2255 1758 2295 Abbates

232 2319 275 2351 et
298 2310 494 2351 monachi
533 2311 884 2353 L1nd1sfa1nens1s
922 2313 1164 2355 monasterii
1186 2314 1442 2369 segregatim
1463 2314 1517 2354 ab
1544 2312 1758 2367 Episcopo

232 2383 309 2408 suo
344 2369 460 2423 prius
494 2368 743 2419 habuerant,
768 2371 990 2423 piaesentis
1027 2381 1156 2413 caltae
1194 2371 1436 2413 testimonio
1458 2380 1501 2412 et
1523 2369 1759 2426 apostolico

234 2427 394 2480 scripto
437 2427 496 2467 eis
539 2428 854 2469 confirmandas
895 2431 1252 2484 piomitteremus.
1318 2429 1425 2479 Nos,
1478 2429 1635 2484 itaque,
1678 2442 1759 2483 pro

234 2499 381 2525 eorum
423 2494 567 2526 sancta
607 2486 935 2528 convelsacione
969 2496 1012 2528 et
1050 2487 1269 2529 monastici
1305 2487 1463 2528 ordinis
1498 2486 1756 2535 reverencia,

233 2541 436 2596 peticioni
469 2558 617 2584 eorum
651 2554 900 2595 annuentes,
941 2545 1109 2586 illustiis
1145 2546 1276 2600 Regis
1315 2545 1554 2595 Willielmi,
1598 2543 1760 2585 domini

234 2599 330 2649 mei,
372 2600 802 2656 A1Nc11iepiscopoium
837 2605 962 2644 etiam
997 2613 1039 2644 et
1068 2603 1302 2658 Episcopm
1307 2618 1374 2644 um
1402 2603 1473 2644 sed
1497 2615 1539 2644 et
1561 2616 1759 2658 quarum-

235 2657 338 2698 nbet
371 2658 660 2714 religiosarum
696 2674 968 2714 pelSOIIalllm
997 2663 1116 2716 iegni
1138 2661 1235 2702 fieti
1258 2661 1432 2702 consilio
1455 2669 1496 2702 et
1517 2659 1647 2701 literis
1669 2675 1760 2700 mu-

235 2714 326 2766 niti,
364 2716 418 2757 ad
454 2731 663 2758 summum
703 2726 803 2759 tunc
832 2719 1097 2770 Pontificem,
1123 2720 1341 2762 dominum
1378 2719 1635 2774 Glegmium
1668 2732 1761 2772 sep-
