1807 2962
444 95 737 130 GAUFRIDUS
775 95 841 129 DE
881 96 1248 129 COLDINGHAM.
1555 90 1616 131 25

380 425 479 460 CAP.
502 429 631 462 xvm.
667 432 725 459 DE
758 431 1039 460 mrnncho
1065 432 1112 460 1N
1137 431 1322 463 ANGLIA.

593 525 685 568 [MS.
701 526 783 569 Cap.
801 536 913 565 cxxv,
928 525 987 558 fol.
1008 526 1099 567 176.]

147 622 367 674 [Quorum
407 620 603 662 electioni
638 628 682 662 et
704 619 954 675 dispersioni
977 619 1173 661 dominus
1206 620 1325 676 Papa
1345 635 1401 662 ex
1423 636 1617 677 compas-

88 678 206 722 sione
242 679 602 729 condescendens,
641 679 826 730 eundem
868 678 1049 733 Regem,
1086 687 1170 720 tam
1208 679 1262 720 ad
1294 679 1614 736 Archiepiscopi

88 737 414 793 susceptionem,
450 752 576 793 quam
613 751 760 778 eorum
795 736 1111 778 revocationem
1142 737 1295 778 crebro
1326 739 1614 789 commonuit3

87 812 199 838 nunc
222 797 318 837 oleo
334 796 635 837 blanditiarum
657 795 912 845 demulcens,
932 809 1045 836 nunc
1060 795 1205 837 vinum
1239 796 1616 838 comminationum

88 854 327 896 infundens.
333 854 430 895 *Eo
464 863 606 895 autem
643 853 697 894 ad
719 853 941 895 consilium
965 853 1116 895 medici
1139 855 1273 907 magis
1294 864 1548 909 aegrotante,
1573 865 1617 898 et

87 913 240 954 animae
272 928 360 954 suae
395 927 540 953 culam
571 911 830 978 negligente,
863 911 972 953 sicut
1003 912 1046 953 in
1080 920 1213 953 totam
1246 921 1402 954 terram
1434 912 1616 971 AEgypti

88 971 266 1027 Moyses
304 970 500 1012 tenebras
537 970 721 1020 induxit,
759 970 847 1025 ipse
880 985 956 1026 per
987 978 1120 1012 totam
1158 970 1359 1026 Angliam
1401 972 1616 1014 interdicti

86 1030 285 1071 nebulam
315 1029 522 1083 aspersit;
557 1029 754 1085 quatinus
791 1043 846 1069 ex
879 1028 1103 1070 universali
1136 1028 1263 1085 plaga
1295 1029 1464 1085 plagam
1498 1045 1617 1072 suam

87 1087 234 1129 melius
256 1086 523 1142 intelligeret,
548 1096 591 1128 et
612 1102 667 1128 ex
688 1101 859 1127 suorum
882 1086 1031 1128 dolore
1057 1086 1238 1129 disceret
1259 1088 1500 1130 condolere.
1548 1089 1620 1130 In-

86 1146 370 1201 duratumque
392 1157 483 1186 erat
505 1160 578 1186 cor
599 1145 704 1198 ejus,
729 1153 773 1186 et
793 1145 974 1200 majori
965 1161 1009 1186 in
1031 1145 1227 1187 ecclesias
1250 1155 1293 1187 et
1314 1146 1616 1188 ecclesiasticas

87 1218 287 1260 personas
310 1203 472 1245 insania
520 1202 765 1252 ferebatur3
808 1212 855 1244 ut
889 1203 979 1258 jam
1020 1203 1145 1245 rebus
1186 1204 1479 1246 ecclesiasticis
1520 1205 1614 1247 laici

86 1269 335 1317 praeessent,
378 1270 422 1302 et
458 1263 557 1317 jura
592 1261 861 1302 saceldotum
898 1261 941 1301 in
976 1262 1130 1303 abusus
1167 1277 1263 1303 suos
1304 1271 1614 1305 conventa-,ent

88 1320 260 1362 Uxores
282 1335 332 1374 pl
334 1319 490 1361 esbitei
493 1335 540 1360 οι
543 1334 627 1369 um,
647 1318 909 1384 cleticorum,
928 1334 1221 1375 personarum,
1245 1320 1298 1361 ad
1317 1320 1505 1375 publicas
1528 1331 1616 1363 tur-

86 1379 304 1434 pitudines
335 1379 682 1434 requir;ebantur
706 1377 784 1417 nisi
807 1393 877 1419 eas
900 1377 1108 1419 immensa
1128 1378 1323 1434 peeuniae
1344 1378 1617 1421 multitudine

87 1436 360 1478 redimelent.
411 1437 612 1491 Agebant
633 1435 886 1477 omnimodis
909 1435 1087 1478 ministri
1112 1436 1311 1479 Sathanae
1331 1445 1378 1478 ut
1396 1437 1616 1479 dominum

89 1495 252 1550 Papam
285 1510 339 1536 ex
360 1493 629 1536 contumeliis
651 1493 841 1535 ecclesiae
862 1494 915 1535 ad
938 1493 1126 1536 favorem
1143 1495 1221 1535 sub
1244 1495 1422 1537 obtentu
1446 1495 1617 1550 pietatis

87 1552 355 1603 inclinarent,
390 1560 433 1594 et
468 1552 693 1593 sententiae
729 1552 839 1594 vires
876 1562 1144 1594 evacuarent.
1210 1552 1307 1608 Ipse
1343 1568 1445 1595 vero
1475 1554 1618 1595 animo

88 1611 364 1652 adamantino
396 1610 566 1661 restitit,
601 1609 746 1651 dicens
784 1626 828 1652 se
859 1610 1022 1652 facilius
1043 1625 1167 1666 posse
1189 1611 1324 1652 occidi
1342 1626 1469 1668 quam
1491 1611 1615 1662 vinci,

87 1684 165 1710 nec
196 1677 393 1724 poterant
425 1683 598 1710 manum
620 1676 838 1710 extentam
861 1677 1064 1733 avertere,
1089 1684 1168 1710 nec
1190 1669 1404 1711 stimulum
1426 1685 1618 1725 pungen-

88 1736 174 1769 tem
210 1726 450 1770 r.etundere
518 1726 677 1767 Videre
716 1729 813 1781 [ita]
852 1735 953 1768 tunc
990 1726 1159 1768 miseria
1191 1727 1358 1768 sublata
1387 1736 1451 1769 est
1477 1729 1618 1785 gloria

88 1785 238 1826 domus
273 1784 510 1826 D01nm1et
540 1784 762 1825 immutata
795 1793 855 1826 est
887 1784 1047 1840 species
1069 1785 1234 1827 decoris
1255 1785 1378 1826 illius.
1442 1785 1620 1828 Nudata

87 1843 257 1885 stabant
290 1843 440 1884 altaria
475 1851 520 1884 et
556 1843 781 1900 lugubrem
823 1842 1130 1884 desolationem
1170 1843 1488 1898 praeferebant3
1530 1860 1618 1887 non

86 1909 349 1943 assuetorum
371 1901 528 1942 devota
548 1909 748 1942 cantuum
782 1901 1007 1943 resonabat
1038 1900 1290 1951 modulatio,
1322 1916 1402 1943 nec
1430 1903 1622 1944 consola-2

87 1959 197 2001 toria
217 1974 519 2014 campanarum
540 1959 686 2000 audita
703 1966 767 1999 est
783 1958 979 2002 dulcedo,
1030 1958 1163 2000 Nulla
1178 1968 1418 2001 sanctarum
1435 1961 1619 2016 solemp-

86 2017 268 2059 nitatum
304 2017 568 2073 frequentia:
592 2017 776 2059 silebant
812 2016 955 2058 onmia
984 2031 1080 2082 quae
1098 2032 1123 2058 a
1143 2017 1331 2072 patribus
1372 2018 1426 2058 ad
1447 2018 1619 2060 laudem

89 2075 175 2117 Dei
198 2075 369 2116 fuerunt
390 2074 605 2117 instituta:
629 2089 712 2116 non
736 2074 1014 2116 morientibus
1035 2073 1248 2129 singulare
1270 2075 1460 2117 salutaris
1479 2077 1619 2118 viatici

87 2133 365 2175 subveniebat
395 2133 653 2175 ieme-dium:
686 2147 772 2173 non
793 2132 979 2189 denique
999 2133 1178 2175 mortuis
1202 2133 1457 2176 Christianae
1479 2135 1618 2191 sepul-

89 2200 195 2233 tuiae
217 2191 452 2248 impensum
470 2200 532 2233 est
551 2190 816 2233 beneficium.
821 2195 840 2244 ]

135 2311 151 2328 ὓ
168 2305 243 2339 The
275 2306 449 2351 following
465 2312 562 2341 notes
594 2307 718 2341 stand
710 2318 744 2339 1n
775 2307 834 2340 the
862 2309 994 2353 margin
1023 2307 1063 2341 of
1082 2307 1142 2341 the
1170 2306 1242 2340 MS.
1271 2308 1305 2340 in
1335 2308 1497 2340 acoaeval
1514 2308 1615 2341 hand.

88 2353 111 2371 “
132 2352 234 2384 Anno
257 2352 468 2385 Dominicae
460 2353 702 2385 incarnacionis
722 2363 867 2391 mccvix,
884 2353 1067 2386 interdicta
1082 2357 1136 2386 est
1150 2357 1222 2386 tota
1234 2357 1326 2385 terra
1340 2353 1486 2396 Angliae,
1499 2355 1616 2396 vigilia

89 2398 394 2475 Anni-igdaffimfiws
390 2398 506 2431 Beatae
520 2399 654 2432 Mariae.
659 2398 678 2413 '⁹
719 2401 739 2418 ‘⁴
755 2398 788 2432 A
800 2397 1013 2432 relaxacione
1026 2398 1179 2442 ejusdem
1191 2408 1281 2431 anno
1294 2399 1433 2431 Domini
1451 2407 1614 2431 uccxiu.

90 2452 162 2474 vni
179 2452 190 2474 1
217 2452 255 2474 us
303 2453 323 2474 u
340 2443 385 2474 u.'
