1807 2962
1524 100 1708 114 νον-ΨΜ

178 102 415 155 cccxxviii
502 120 637 152 111sr.
667 118 904 151 DUNELM.
934 117 1242 150 scmr'ronus
1269 118 1411 150 TREs.

181 245 288 279 mus,
326 238 419 271 rata
454 238 497 271 et
529 237 651 283 grata
683 227 904 276 habentes,
938 225 1105 265 illorum
1139 225 1328 275 effectus,
1362 223 1643 266 continentias
1676 230 1719 265 et

184 299 372 338 tenores,
407 302 455 328 ac
489 286 522 328 si
555 287 609 328 de
642 286 772 327 verbo
804 285 864 326 ad·
892 284 1068 324 verbnm
1095 282 1238 324 inserti
1275 283 1417 324 forent
1439 281 1719 338 praesentibus

178 349 263 401 vpro
285 346 539 387 sufficienter
572 343 781 399 expressis
819 341 962 383 haberi
1003 341 1206 391 volentes,
1233 341 1477 395 hujusmodi
1510 339 1722 395 supplica·

186 405 379 445 cionibus
407 403 598 444 inclinati
619 402 781 442 litteras
803 400 1142 455 praedecessoris,
1168 409 1478 454 transumptum
1500 400 1719 455 praedicta,

186 462 413 517 omniaque
448 469 492 502 et
513 460 678 515 singula
700 460 740 499 in
763 458 821 499 eis
845 466 1047 499 contenta
1069 465 1112 497 et
1134 472 1415 514 quaecumque
1438 458 1537 499 inde
1559 467 1720 509 secuta,

187 520 243 561 ad
279 520 359 561 hoc
393 528 439 560 ut
461 518 635 559 solidius
664 517 909 572 firmiusque
931 514 1145 569 perpetuis
1167 515 1318 556 futuris
1341 516 1602 571 temporibus
1624 517 1724 558 sub-

187 580 334 619 sistere
370 577 717 629 comprobentur,
756 573 1008 616 auetoritate
1040 573 1275 628 apostolica
1304 583 1423 615 etex
1445 583 1560 616 certa
1580 583 1726 616 nostra

189 635 367 676 scientia
387 636 686 676 confirmamus
708 633 865 688 pariter
887 640 929 673 et
950 632 1246 686 approbamus,
1270 646 1318 673 ac
1341 632 1562 687 praesentis
1580 632 1724 688 scripti

189 694 427 750 patrocinio
450 691 760 734 communimus
779 707 789 740 3
813 690 1050 745 supplendo
1072 704 1218 730 omnes
1241 699 1283 730 et
1305 690 1492 744 singulos
1513 690 1722 743 defectus,

189 753 221 792 si
259 753 331 807 qni
360 751 501 792 forsan
540 749 843 791 intervenerint
873 752 912 789 in
937 747 1109 797 eisdem,
1134 756 1177 788 et
1198 747 1494 789 nichilominus
1517 748 1661 790 omnia
1682 758 1726 791 et

189 810 357 866 singula
392 808 519 850 etiam
558 808 825 849 commendae
857 806 981 847 alicui
1015 820 1207 860 personae
1238 805 1384 861 quovis
1408 807 1537 847 modo
1559 816 1603 848 et
1623 822 1727 863 qua-

190 883 372 923 cumque
404 866 658 907 auctoritate
680 864 1001 921 quomodolibet
1024 863 1164 913 sactae,
1188 873 1261 904 aut
1281 863 1456 918 alicujus
1479 864 1727 907 universita-

189 927 241 968 tis
265 926 330 967 vel
353 925 538 979 capituli,
563 939 637 964 seu
659 924 836 977 alicujus
858 922 968 963 sedis
987 921 1234 975 episcopalis
1253 922 1477 962 erectionis
1495 932 1723 977 praetextu,

189 994 287 1039 post
309 992 351 1025 et
369 992 517 1024 contra
537 981 925 1030 confirmacionem,
949 978 1339 1029 communitionem,
1362 979 1525 1022 litteras
1548 991 1589 1022 et
1611 990 1728 1023 tran-

191 1051 405 1097 sumptum
442 1039 659 1095 praedicta‚
696 1039 736 1079 in
776 1038 932 1079 Prioris
966 1045 1010 1078 et
1035 1037 1280 1078 Conventus
1302 1037 1621 1092 praedictorum,
1651 1055 1726 1081 seu

191 1101 367 1154 alicujus
399 1098 632 1140 eorundem
655 1096 946 1153 praejudicium
980 1095 1182 1136 hactenus
1214 1096 1358 1136 forsan
1389 1097 1604 1152 quomodo
1621 1098 1727 1140 libet

191 1166 459 1212 attemptare,
494 1165 756 1206 revocantes,
789 1154 1017 1204 irritantes,
1042 1163 1266 1204 cassanteS‚
1290 1163 1332 1195 et
1354 1155 1632 1207 annullantes,
1656 1156 1729 1198 illa

191 1217 245 1257 ad
268 1215 492 1271 pristinum
515 1214 794 1270 debitumque
817 1221 970 1254 statum
991 1211 1234 1253 reducimus
1256 1227 1330 1267 per
1346 1222 1602 1268 praesentes3
1624 1229 1729 1270 quas

192 1274 335 1324 etiam,
360 1288 527 1314 necnon
549 1273 711 1314 litteras
726 1270 1063 1328 praedecessoris,
1082 1279 1124 1311 et
1143 1279 1450 1325 transumptum
1470 1272 1727 1327 hujusmodi,

186 1333 314 1388 juxta
335 1332 503 1373 illorum
526 1331 828 1372 continentiam
851 1339 894 1370 et
916 1340 1102 1371 tenorem
1119 1329 1334 1384 perpetuis
1351 1329 1560 1372 voluimus
1577 1330 1730 1374 futuris

193 1391 458 1446 temporibus
481 1389 777 1430 inviolabiliter
794 1386 1032 1436 observari3
1056 1387 1331 1429 decernentes
1348 1388 1511 1429 irritum
1531 1399 1574 1431 et
1590 1390 1728 1441 inane,

191 1450 223 1490 si
262 1464 382 1490 secus
421 1463 546 1503 super
582 1448 661 1488 hiis
694 1462 718 1488 a
751 1461 964 1502 quoquam
1002 1445 1148 1501 quavis
1180 1447 1434 1488 auctoritate
1457 1447 1642 1489 scienter
1662 1450 1731 1491 vel

192 1508 438 1564 ignoranter
459 1515 757 1561 attemptatum
779 1505 919 1546 forsan
942 1513 1006 1545 est
1042 1504 1261 1554 baete-mm,
1299 1505 1367 1546 vel
1402 1504 1731 1559 imposte-rorum

193 1565 421 1620 contigerit
443 1563 702 1618 attemptari.
791 1562 1003 1610 Quocirca
1023 1562 1334 1604 venerabilibus
1355 1563 1556 1606 fratribus
1577 1568 1731 1608 nostris

194 1624 531 1679 Archiepiscopo
558 1621 816 1663 Eboracensi
839 1636 887 1662 ac
913 1620 1191 1662 Dunelmensi
1209 1629 1251 1662 et
1274 1622 1527 1676 Glasguensi
1555 1623 1732 1678 Episco·

193 1683 256 1738 pis
278 1698 353 1738 per
374 1681 610 1738 apostolica
630 1680 786 1735 scripta
816 1680 1080 1729 mandamus,
1115 1679 1311 1735 quatinus
1343 1681 1435 1735 ipsi,
1460 1681 1526 1722 vel
1549 1681 1635 1722 duo
1657 1692 1731 1724 aut

193 1756 304 1782 unus
327 1740 530 1796 ipsorum,
553 1754 632 1795 per
653 1754 696 1780 se
719 1738 780 1779 vel
805 1738 931 1778 alium
951 1753 1021 1778 seu
1044 1738 1162 1788 alim,
1187 1739 1364 1793 praefato
1381 1748 1424 1780 et
1439 1754 1516 1794 pro
1538 1748 1732 1796 tempore

195 1799 393 1840 existenti
416 1798 516 1840 dicti
540 1796 784 1839 monasterii
809 1796 944 1837 Priori
967 1796 1161 1852 illiusque
1195 1797 1438 1838 Conventui
1461 1797 1581 1839 fortis
1603 1808 1647 1840 et
1669 1800 1732 1841 ef-

194 1858 335 1899 ficacis
353 1855 609 1898 defentionis
627 1855 786 1897 auxilio
802 1854 1017 1909 perpetuis
1034 1854 1184 1895 futuris
1199 1855 1460 1911 temporibus
1474 1856 1730 1909 assistentes,

195 1931 281 1956 non
305 1915 553 1970 permittant
574 1929 648 1955 eos
670 1928 746 1967 per
767 1927 1041 1968 quascunque
1069 1927 1272 1967 personas
1305 1915 1605 1970 cujuscumque
1639 1915 1733 1971 dig-

195 1974 354 2023 nitatis,
379 1982 525 2022 statuS‚
549 1972 718 2028 gradus,
743 1970 916 2020 ordinis,
951 1970 1219 2020 conditionis,
1251 1972 1496 2022 nobi-litatis,
1535 1973 1603 2014 vel
1624 1988 1734 2028 prae-

198 2032 458 2081 eminentiae,
493 2039 536 2071 et
567 2043 834 2085 quacumque
868 2029 1050 2082 desuper
1081 2029 1333 2070 auctoritate
1365 2029 1525 2071 suffulti
1556 2031 1730 2084 fuerint,

196 2100 346 2132 contra
375 2088 676 2144 praedictarum
714 2086 817 2127 dicti
849 2086 1162 2141 predecessoris
1197 2101 1244 2127 ac
1267 2087 1309 2127 in
1330 2087 1409 2128 illis
1431 2096 1732 2133 contentorum

196 2163 361 2190 necnon
383 2146 643 2202 presentium
665 2145 901 2186 litterarum
925 2145 1207 2186 continentias
1229 2154 1272 2186 et
1303 2154 1473 2188 tenores
1495 2149 1733 2203 quomodo-

196 2207 303 2248 libet.
341 2205 489 2261 impeti
524 2220 595 2245 seu
634 2204 760 2246 etiam
794 2203 1008 2244 molestari
1027 2218 1038 2252 3
1082 2203 1415 2245 contradictores
1447 2205 1657 2261 quoslibet
1688 2215 1733 2249 et

196 2264 378 2306 rebelles
420 2262 671 2305 auctoritate
711 2270 856 2302 nostra
895 2261 1131 2315 apostolica
1162 2264 1486 2316 compescendO,
1524 2278 1573 2305 ac
1604 2265 1734 2306 etiam

195 2322 393 2377 legitimis
415 2337 494 2377 per
513 2320 686 2362 eosdem
707 2328 957 2360 executores
989 2320 1170 2374 desuper
1201 2320 1406 2362 habendis
1437 2323 1612 2363 servatis
1633 2338 1734 2379 pro-

197 2381 381 2423 cessibus
404 2395 475 2421 eos
498 2378 693 2435 quotiens
726 2377 965 2433 expedierit
994 2392 1226 2433 aggravare
1263 2387 1305 2419 et
1338 2394 1614 2434 reaggravare
1636 2396 1734 2436 pro-

198 2447 346 2480 curent
365 2454 376 2487 ;
408 2438 605 2479 invocato
636 2436 690 2477 ad
721 2436 802 2477 hoc
824 2436 857 2476 si
879 2450 984 2490 opus
1005 2435 1133 2476 fuerit
1155 2436 1314 2477 auxilio
1334 2438 1495 2479 brachii
1518 2439 1732 2484 secularis.

200 2498 258 2538 Et
290 2496 459 2551 insuper
482 2496 673 2536 volumus
694 2502 736 2535 et
758 2495 991 2548 apostolica
1011 2494 1264 2535 auctoritate
1286 2495 1551 2537 decernimus
1573 2497 1734 2539 eisdem

201 2554 501 2596 executoribus
524 2569 548 2594 a
569 2553 669 2594 data
690 2551 967 2607 praesencium
990 2551 1044 2592 sit
1066 2551 1125 2593 eis
1147 2561 1191 2593 et
1221 2552 1448 2609 unicuique
1479 2553 1668 2609 ipsorum
1690 2555 1736 2597 in

201 2612 428 2669 praemissis
451 2611 644 2653 omnibus
667 2619 710 2652 et
732 2609 906 2667 singulis
928 2609 1078 2665 coeptis
1100 2619 1144 2652 et
1163 2625 1248 2651 non
1281 2613 1431 2666 coeptis
1452 2613 1735 2667 praesentibus

202 2679 245 2712 et
260 2671 409 2711 futuris
427 2678 679 2724 perpetuata
691 2676 878 2723 potestas
893 2677 936 2710 et
949 2667 1197 2723 jurisdiccio
1214 2669 1434 2720 attributa,
1454 2679 1500 2711 ut
1518 2686 1570 2712 eo
1589 2671 1734 2726 vigore

203 2744 334 2784 eaque
378 2729 578 2768 firmitate
619 2726 784 2782 possint
826 2725 866 2766 in
908 2726 1131 2781 praemissis
1163 2727 1359 2769 omnibus
1391 2729 1539 2783 coeptis
1571 2738 1613 2770 et
1645 2745 1733 2770 non

197 2786 368 2842 coeptisj.
384 2785 662 2844 praesentibus
684 2792 727 2826 et
757 2783 920 2835 futuris,
953 2797 995 2826 et
1027 2799 1104 2840 pro
1136 2785 1348 2840 praedictis
1370 2787 1604 2842 procedere
1627 2802 1674 2829 ac
1698 2788 1733 2829 si
