1807 2962
459 62 738 94 APPENDIX.
766 62 885 93 ANN.
914 59 1193 92 MCCCCXVL
1344 41 1604 91 CCCCXXXlX

68 170 177 211 sicut
197 169 460 224 praedicitur,
493 170 610 225 quod
632 169 747 211 dicta
781 183 961 223 persona
987 165 1181 220 religiosa
1210 165 1251 205 in
1285 164 1399 205 dicta
1419 164 1601 206 visitaci-

68 242 152 268 one
166 227 370 269 habenda
392 243 476 268 non
494 227 681 277 aliunde,
716 227 788 267 sed
812 226 1020 266 duntaxat
1042 224 1095 264 de
1124 222 1238 263 dicto
1261 222 1489 262 venerabili
1514 223 1598 263 Ca-

67 285 204 340 pitulo
225 286 278 326 sit
298 286 565 336 assumenda,
598 284 823 341 praemissis
845 293 888 325 et
908 283 1027 324 aliis
1019 297 1059 322 m
1082 281 1340 322 contrarium
1365 279 1489 321 editis
1513 294 1596 321 non

59 343 348 386 obstantibus,

175 616 378 646 CCCXLII.
413 617 773 645 SUFFRAGIORUM
803 617 1102 645 SUPPLICATIO
1132 617 1221 643 PRO
1249 617 1469 644 JOHANNE

376 675 741 703 HEMYNGBURGH
765 676 937 702 PRIORE
961 674 1276 703 DUNELMENSJ..

507 766 593 809 [Ex
616 767 728 809 capite
743 767 825 799 Rot.
848 768 935 810 Orig
964 767 1044 799 Loc.
1063 767 1134 807 16.]

121 859 342 901 Universis
383 867 540 900 sanctae
576 859 720 899 matris
757 859 946 900 ecclesiae
987 858 1083 899 filiis
1116 859 1171 899 ad
1213 874 1318 914 quos
1353 869 1583 913 praesentes

54 916 210 958 >litterae
243 915 526 971 pervenerint,
566 917 745 957 humiles
778 917 821 957 in
860 915 1050 957 Domino
1084 917 1278 957 ecclesiae
1317 918 1584 960 Cathedralis

56 974 361 1016 Dunelmensis
399 974 623 1015 coenobitae
669 986 764 1028 post
798 974 1027 1015 decursum
1068 975 1193 1030 hujus
1226 975 1581 1029 peregrinacionis

50 1032 241 1073 studium
275 1032 330 1073 ad
361 1041 535 1072 aeternae
567 1032 841 1073 beatitudinis
862 1032 1052 1072 bravium
1077 1032 1308 1086 pervenire,
1333 1043 1374 1073 et
1397 1034 1502 1075 facie
1525 1037 1579 1076 ad

51 1089 206 1131 faciem
240 1089 469 1144 majestatis
502 1090 681 1143 gloriam
714 1090 935 1143 speculari.
998 1090 1116 1137 Quia
1153 1105 1207 1130 ex
1243 1091 1365 1145 primi
1392 1091 1575 1133 hominis

52 1148 404 1201 praevaricacione
441 1163 552 1188 mors
590 1147 760 1188 intravit
792 1148 1076 1197 inmundum,
1113 1147 1210 1189 ideo
1242 1148 1310 1189 lex
1334 1158 1495 1190 naturae
1517 1152 1576 1191 sic

51 1204 222 1247 infectae
252 1205 399 1246 indicit
423 1214 611 1246 mortuos
634 1205 850 1260 plangere,
875 1221 922 1246 ac
945 1221 1091 1246 eorum
1115 1205 1360 1246 memoriam
1383 1207 1576 1249 humanis

51 1263 265 1305 mentibus
287 1263 482 1313 inserere,
502 1264 753 1319 devotisque
775 1264 970 1317 precibus
988 1264 1300 1304 commendare.
1358 1264 1404 1304 In
1425 1274 1574 1321 typum

50 1321 175 1376 primi
206 1322 416 1376 planctUS,
445 1321 602 1362 scilicet
626 1331 903 1371 mortuorum,
926 1322 1023 1371 J0b‚
1048 1321 1193 1362 audita
1215 1331 1350 1362 morte
1373 1323 1571 1374 filiorum,

50 1380 94 1420 in
126 1380 472 1421 vestimentorum
509 1379 706 1420 scissione
743 1379 826 1419 vim
864 1380 1019 1419 doloris
1057 1380 1294 1434 expressit3
1341 1381 1571 1432 Abraham,

50 1438 159 1479 Sara
189 1447 367 1488 mortua,
402 1437 517 1478 venit
551 1447 595 1478 ut
624 1438 744 1478 fleret
767 1453 885 1486 eam3
908 1437 1068 1491 Joseph
1091 1447 1133 1477 et
1155 1437 1303 1478 fratres
1326 1439 1388 1478 sui
1411 1450 1575 1494 septem

50 1495 139 1537 dies
160 1511 286 1550 super
306 1505 443 1536 morte
463 1495 597 1536 Jacob
619 1495 746 1550 patris
769 1510 912 1536 eorum
937 1510 1032 1536 cum
1054 1497 1215 1549 gemitu
1237 1496 1569 1551 compleverunt.

53 1553 191 1594 Immo
230 1553 424 1595 Christus
456 1553 577 1594 Jesus
611 1568 704 1594 cum
729 1553 910 1593 lacrimis
937 1554 1143 1594 Lazarum
1166 1562 1378 1594 mortuum
1401 1556 1573 1596 suscita·

48 1611 124 1655 vit.
188 1612 239 1652 In
273 1611 439 1668 signum
473 1610 662 1660 secundi,
698 1611 896 1652 videlicet
929 1612 983 1651 de
1019 1611 1317 1652 defunctorum
1351 1614 1568 1662 memoria,

47 1669 183 1710 Judas
219 1669 477 1709 Machabeus
514 1669 738 1709 duodecim
773 1668 888 1709 milia
909 1669 1104 1723 dragmas
1128 1684 1172 1710 ar
1173 1671 1292 1723 genti
1314 1670 1428 1710 misit
1449 1672 1572 1712 Jero-

48 1727 254 1776 solimam,
279 1727 433 1767 offerre
455 1741 505 1767 ea
526 1726 582 1766 ibi
605 1741 682 1781 pro
704 1728 887 1781 peccatis
912 1737 1199 1775 mortuorum
1223 1742 1298 1781 per
1320 1743 1422 1782 quas
1445 1729 1571 1786 drag-

48 1799 137 1825 mas
160 1785 376 1825 moraliter
397 1784 531 1825 notari
549 1794 722 1839 possunt
744 1785 912 1825 devotae
934 1799 1077 1838 preces
1100 1785 1287 1825 fidelium
1311 1786 1466 1826 oblatae
1488 1802 1567 1841 pro

47 1842 259 1883 mortuis:
302 1857 399 1883 nam
439 1852 585 1883 sancta
618 1852 659 1883 et
692 1842 871 1883 salubris
909 1852 972 1882 est
1008 1842 1218 1898 co<ritacio
1260 1858 1336 1897 pro
1359 1844 1566 1886 defunctis

45 1915 239 1949 exorare,
278 1909 325 1940 ut
357 1915 382 1941 a
417 1900 600 1955 peccatis
635 1901 866 1941 solvantur.
930 1900 1048 1941 Hinc
1061 1878 1144 1941 Dest
1166 1901 1280 1955 quod
1304 1913 1452 1942 vestrae
1476 1903 1567 1944 uni-

46 1958 233 1999 versitati
269 1958 633 1999 reverendissimae
669 1968 817 1999 notum
843 1957 1021 1999 facimus
1042 1973 1120 2013 per
1140 1970 1368 2012 praesentes
1391 1976 1568 2002 venera->

42 2015 174 2057 bilem
226 2015 306 2071 piae
347 2016 563 2057 memoriae
605 2025 765 2070 patrem
807 2027 1011 2065 nostrum,
1065 2016 1282 2057 dominum
1323 2018 1567 2061 Johannem

44 2073 436 2129 Hemmyngburgh
457 2089 591 2128 nuper
615 2073 804 2115 Priorem
828 2073 961 2114 nostri
982 2074 1229 2115 monasterii
1245 2075 1563 2127 Dunelmensis,

42 2132 87 2172 in
126 2131 213 2172 fata
249 2132 458 2180 transisse,
498 2147 575 2186 pro
607 2132 724 2186 cujus
751 2132 870 2172 obitu
894 2146 1061 2173 currere
1083 2132 1273 2186 cogimur
1295 2136 1335 2172 in
1359 2134 1560 2185 lamenta,

42 2190 144 2231 (lum
167 2189 393 2231 recolimus
428 2204 553 2244 quam
575 2189 748 2230 humilis
779 2190 820 2228 in
849 2199 986 2244 gestu,
1010 2205 1134 2244 quam
1153 2190 1359 2254 benignus
1381 2191 1422 2232 in
1446 2203 1559 2242 actu,

40 2262 167 2303 quam
184 2247 398 2303 jocundus
431 2247 472 2287 in
509 2247 642 2296 vultu,
680 2247 858 2287 affabilis
890 2247 932 2288 in
955 2247 1189 2302 colloquiis,
1232 2247 1562 2312 circumspectus

40 2305 84 2345 in
116 2305 312 2354 consiliis,
345 2313 486 2346 rectus
526 2304 567 2344 in
603 2304 787 2358 judiciis,
827 2304 1032 2346 discretus
1068 2307 1109 2344 in
1148 2305 1384 2359 praeceptis,
1424 2308 1561 2349 zelum

40 2363 201 2405 habens
237 2363 491 2412 concordiae,
529 2377 577 2403 ac
614 2361 836 2403 discordiae
874 2363 1079 2411 inimicus,
1114 2363 1218 2404 etin
1241 2363 1559 2418 dispensacione

38 2421 140 2462 satis
177 2421 376 2476 providus
413 2420 557 2461 extitit
591 2431 632 2460 et
669 2420 832 2484 fidelisg
871 2421 912 2460 in
948 2420 1140 2461 omnibus
1175 2420 1233 2461 ita
1269 2432 1558 2476 temperanter

40 2493 180 2533 agens,
215 2494 267 2520 ne
300 2479 341 2519 in
373 2478 604 2532 affligendis
638 2478 771 2532 poenis
802 2494 880 2533 pro
907 2478 1035 2518 modo
1056 2478 1194 2533 culpae
1216 2490 1437 2533 appareret
1458 2481 1559 2537 rigi-

39 2537 138 2602 du83
174 2537 243 2577 vel
277 2545 419 2578 tamen
453 2537 496 2576 in
530 2535 789 2590 conrigendis
812 2536 1049 2577 excessibus
1073 2535 1287 2576 videretur
1309 2539 1477 2592 tepidus
1514 2552 1557 2583 et

36 2594 259 2642 remissus3
283 2595 370 2643 sed,
394 2593 589 2634 omnibus
611 2594 754 2634 omnia
783 2594 932 2643 factus,
966 2609 1009 2634 se
1031 2594 1216 2634 omniurn
1237 2595 1445 2636 bonorum
1468 2612 1559 2639 mo-

35 2653 151 2693 ribus
173 2652 480 2693 conformabat.
542 2651 661 2693 Vixit
683 2660 822 2693 autem
846 2651 885 2691 in
909 2651 1159 2692 monachatu
1181 2652 1312 2693 ferme
1333 2656 1555 2708 sexaginta

35 2724 113 2750 sex
154 2711 287 2760 annis,
331 2710 373 2750 in
411 2709 607 2750 Prioratu
650 2725 748 2750 vero
785 2709 934 2766 viginti
971 2709 1183 2765 quinque3
1218 2721 1260 2751 et
1298 2710 1469 2753 tandem
1508 2715 1551 2755 in
