1807 2962
461 88 723 125 RonssnTUs
750 95 815 126 DE
843 95 1180 128 GRAYSTANES.
1520 84 1577 130 61

0 201 21 266 [
56 218 200 260 copus,
226 200 339 244 dicto
361 199 494 244 sancti
516 203 723 244 ,Iohannis
743 202 937 252 crastino,
956 202 1048 252 fuit,
1067 212 1108 244 et
1131 211 1208 252 est,
1227 203 1393 259 majoris
1413 218 1585 245 excom„

56 261 349 304 munieationis
363 260 568 302 sententia
589 260 830 310 innodatus,
851 276 901 301 eo
923 261 1038 316 quod
1055 260 1220 302 decima
1236 260 1488 311 sexennalis,
1508 274 1586 316 per

59 319 315 374 Gregorium
336 319 494 373 Papam
510 318 724 359 decimum
742 318 1000 373 impositum,
1020 318 1061 359 iu
1083 318 1278 360 Concilio
1288 318 1584 375 Lugdunensi,

58 388 248 432 tempore
271 391 346 417 suo
361 376 521 418 solvere
544 391 629 417 non
648 377 823 425 curavit,
848 375 945 417 ideo
966 376 1149 417 nonfuit
1167 376 1257 431 ipse
1279 376 1585 426 admittendus,

57 450 137 476 nec
158 434 297 475 adhuc
314 443 391 484 est,
412 448 490 475 nec
505 434 541 488 ej
550 449 594 474 us
613 433 935 477 commissarius.
995 434 1118 483 Item,
1134 434 1349 475 notorium
1367 443 1430 475 est
1448 434 1586 489 ipsum

58 507 146 534 esse
168 491 337 548 majoris
359 490 809 533 excommunicationis
833 491 1039 532 sententia
1060 492 1310 533 innodatum
1328 506 1405 546 per
1419 506 1590 532 conser-

58 559 224 592 vatores
246 548 563 604 privilegiorum
587 549 892 590 monachorum
916 549 970 590 de
995 549 1286 599 Pontefracto,
1309 549 1500 591 Cluniaci
1522 564 1591 590 or-

59 608 180 656 dinis,
196 607 294 663 quia
309 606 530 662 privilegia
551 608 609 648 eis
627 606 796 648 indulta
816 606 1000 663 infregit.
1043 607 1169 656 Item,
1194 608 1589 648 excommunicatus

59 674 123 707 est
144 678 226 720 per
238 674 531 706 succentorem
549 665 739 705 ecclesiae
756 664 1071 715 Dunelmensis,
1089 665 1421 717 commissarium
1436 665 1593 720 princi.-

58 722 335 779 palisjudicis
372 737 397 764 a
430 722 530 763 sede
563 722 798 777 apostolica
819 721 1017 777 delegati,
1042 722 1141 779 quia
1163 723 1376 764 mandatis
1399 723 1589 779 ejusdem

60 780 333 830 succentoris,
366 780 433 821 vel
464 779 606 835 potius
643 779 897 835 apostolicis,
932 795 1082 835 parere
1121 796 1206 821 non
1234 781 1426 828 curavit3
1459 782 1591 822 immo

61 838 281 879 manifeste
304 853 422 879 suam
438 837 773 892 jurisdictionem
794 847 836 878 et
859 838 1041 878 officium
1064 838 1321 894 impedivit.]
1387 838 1482 879 Istis
1504 854 1592 880 non

61 896 341 946 obstantibus,
374 895 649 937 commissarii
681 895 849 950 praefati
880 897 1076 937 fecerunt
1101 897 1238 937 vocari
1261 896 1524 951 Episcopum
1547 905 1592 938 et

64 952 258 995 Priorem
277 969 287 1003 3
339 962 383 994 et
427 953 469 993 in
501 953 626 1008 ipsoe,
660 968 743 994 non
797 962 1104 1008 comparenteS,
1138 955 1592 996 excommunicationis

61 1013 314 1053 sententiam
349 1011 630 1066 protulerunt,
668 1010 891 1052 ecclesiam
927 1020 1213 1066 supponentes
1251 1011 1592 1065 [nichilominus]

62 1069 298 1110 interdicto.
371 1068 663 1110 obtinuerunt
688 1068 810 1110 Prior
841 1077 882 1110 et
912 1069 1157 1123 Capitulum
1179 1069 1429 1124 rescriptum
1453 1070 1594 1123 Apos-

64 1127 253 1178 tolicum,
278 1131 385 1182 [quo
407 1127 459 1167 ad
485 1126 602 1167 11111111
627 1126 864 1175 articulum,
902 1133 929 1153 ‘⁶
951 1127 1063 1174 Quia
1086 1128 1445 1182 Archiepiscopus
1474 1142 1593 1168 suam

64 1185 283 1227 ecclesiam
302 1184 515 1225 civitatem
533 1192 573 1224 et
592 1184 807 1239 dyocesim
831 1184 1002 1225 minime
1018 1185 1243 1234 visitavit,''
1259 1196 1338 1226 etc.
1379 1184 1594 1226 Martinus

61 1252 237 1299 quartus
272 1241 484 1296 rescripsit
528 1242 685 1283 Abbati
720 1242 774 1283 de
803 1242 1026 1292 Waltham,
1051 1243 1233 1283 Decano
1256 1251 1298 1283 et
1322 1243 1592 1284 Cancellario

66 1300 368 1350 Lincolniensi,
393 1308 449 1350 et,
474 1300 506 1339 si
538 1314 625 1340 non
659 1315 820 1349 omnes,
845 1300 932 1340 duo
965 1315 1124 1350 eorum,
1162 1303 1264 1350 etc.]
1329 1301 1471 1349 Anno,
1496 1308 1593 1351 etc.,

67 1372 318 1408 MCCLxxxl,
337 1358 376 1397 111
395 1357 578 1398 crastino
596 1358 709 1398 beati
727 1357 927 1398 Matthiae
947 1358 1189 1414 [Apostoli]
1208 1357 1250 1398 in
1265 1358 1443 1398 ecclesia
1459 1360 1594 1399 sancti

70 1416 226 1457 Mariae
238 1416 365 1471 juxta
382 1423 553 1470 pontem
577 1415 629 1456 de
651 1415 865 1465 Stanford,
887 1415 1029 1456 Abbas
1048 1415 1262 1469 praefatus,
1286 1416 1505 1471 [magister
1530 1416 1592 1459 H.

70 1474 242 1529 Layset,
267 1473 455 1514 officialis
480 1473 706 1523 Roffensis,
731 1481 773 1514 et
796 1474 997 1528 magister
1024 1473 1275 1527 Radulphus
1297 1473 1350 1513 de
1377 1473 1593 1523 Merlawe,

68 1532 227 1573 domini
253 1531 382 1585 Papae
404 1531 681 1586 capellanus],
708 1531 962 1572 Cancellarii
987 1530 1292 1572 Lincolniensis
1314 1530 1595 1587 subdelegati,

67 1599 263 1630 recusato
278 1589 391 1643 prius
407 1589 584 1629 Decano
603 1588 890 1629 Lincolniensi
909 1596 1108 1644 tanquam
1127 1596 1341 1643 suspecto,
1358 1600 1597 1644 vocatoque

72 1646 403 1703 Archi-episcopo
427 1645 687 1687 Eboracensi
710 1661 786 1686 nec
810 1654 1096 1700 comparente,
1123 1661 1197 1700 per
1229 1661 1272 1686 se
1294 1661 1372 1686 nec
1395 1661 1596 1700 procura-=

69 1714 220 1754 torem,
244 1703 697 1745 excommunicationis
720 1703 973 1744 sententiam
994 1703 1034 1743 in
1052 1703 1256 1753 Priorem,
1280 1712 1377 1753 etc„
1402 1712 1445 1744 et
1468 1704 1597 1745 inter-

69 1762 228 1803 dictum
252 1761 536 1811 adnullarunt,
553 1761 687 1815 ipsum
710 1760 900 1802 Priorem
915 1769 958 1802 et
980 1763 1158 1817 majores
1179 1761 1363 1815 Capituli
1382 1761 1435 1802 ad
1453 1770 1599 1803 caute-

69 1820 152 1860 lam
171 1820 440 1860 absolventes
456 1834 466 1867 3
496 1819 871 1873 Archiepiscopum
890 1827 1182 1859 contumacem
1197 1819 1536 1873 p1·onuntianteS‚
1555 1828 1598 1860 et

71 1892 148 1932 pro
169 1877 365 1931 expensis
388 1884 430 1917 et
451 1876 617 1917 damnis
639 1878 681 1916 in
697 1876 895 1917 trecentis
917 1876 1032 1917 libris
1053 1876 1189 1917 Priori
1211 1885 1254 1916 et
1274 1876 1472 1930 Capitulo
1495 1891 1598 1918 con-

71 1935 346 1983 demnantes3
381 1937 518 1985 [suam
550 1933 902 1983 adnullacionem,
930 1934 1250 1988 Archiepiscopi
1275 1935 1598 1988 suspencionem

72 2007 148 2048 per
180 1993 382 2048 dyoceses
422 1992 738 2032 Eboracensem
780 2000 824 2032 et
865 1992 1202 2032 Dunelmensem
1244 1992 1492 2033 execucioni
1526 1993 1600 2033 de-

72 2050 343 2102 mandantes]
365 2065 375 2098 3
408 2049 546 2103 ipsum
570 2048 953 2104 Archiepiscopum
976 2049 1030 2089 ad
1053 2049 1236 2090 eundem
1257 2049 1399 2090 locum
1422 2058 1464 2091 et
1486 2049 1601 2091 diem

73 2107 270 2148 mercurii
308 2107 549 2161 proximum
590 2114 687 2161 post
727 2114 897 2147 octavas
939 2107 1160 2148 Trinitatis
1197 2107 1414 2148 citandum
1455 2108 1603 2149 decer-

74 2173 236 2206 nentes.
300 2164 491 2214 Interim,
509 2164 711 2205 Decanus
734 2164 1044 2205 Lincolniensis
1059 2164 1150 2218 jam
1172 2173 1400 2214 recusatuS,
1421 2173 1464 2206 et
1489 2166 1602 2207 Can-

75 2222 278 2271 cellarius,
312 2231 534 2277 postquam
567 2230 699 2262 totam
722 2221 1062 2276 jurisdictionem
1084 2222 1125 2262 in
1147 2221 1370 2276 magistros
1397 2222 1453 2263 H.
1477 2231 1519 2263 et
1544 2223 1599 2264 R.

75 2279 339 2334 supradictos
393 2278 728 2328 transfudissent,
781 2279 1085 2320 commiserunt
1127 2279 1280 2320 iterum
1323 2280 1526 2334 magistro
1556 2281 1598 2323 J.

77 2337 249 2386 Clarell,
284 2337 468 2393 [domini
493 2337 624 2390 Papae
654 2336 885 2390 capellano,
915 2336 978 2377 W.
1001 2337 1054 2377 de
1076 2337 1263 2377 Newerk
1286 2336 1599 2378 Archidiacono

80 2393 360 2434 Huntundon'
383 2402 425 2435 et
446 2394 632 2434 Johanni
655 2393 863 2442 Lincoln',
882 2395 1087 2434 canonico
1111 2395 1154 2437 S.
1177 2394 1299 2434 Pauli
1323 2394 1599 2448 Londoniae],

76 2451 146 2506 qui
171 2451 477 2505 appellationes
502 2450 716 2504 Episcopi,
744 2453 824 2504 [et]
853 2450 1009 2490 Prioris
1039 2459 1082 2491 et
1108 2451 1295 2504 Capituli
1318 2451 1453 2491 nullas
1475 2452 1602 2494 fuisse

77 2509 131 2549 de
155 2508 266 2562 jure,
310 2508 506 2563 ipsosque
548 2522 618 2548 eas
655 2521 738 2547 non
781 2507 908 2548 fuisse
949 2516 1194 2562 prosecutos
1236 2509 1566 2562 pronuntiarunt
1589 2526 1600 2558 ς

76 2566 327 2607 sententiam
372 2564 688 2619 Archiepiscopi
730 2564 1033 2605 confirmarunt
1053 2580 1062 2613 3
1097 2565 1354 2620 Episcopum
1396 2566 1440 2607 in
1481 2568 1603 2623 quin-

76 2623 214 2677 gentis
237 2623 366 2673 libris,
394 2622 587 2664 Priorem
609 2631 652 2663 et
674 2621 902 2676 capitulum
927 2622 966 2662 in
991 2622 1185 2673 totidem,
1205 2638 1282 2678 pro
1300 2624 1513 2679 [dampnis
1535 2631 1601 2679 et]

78 2681 271 2735 expensis
293 2680 371 2735 ipsi
397 2679 729 2735 Archiepiscopo
751 2680 1087 2722 condemnarunt
1107 2697 1117 2729 3
1150 2690 1191 2723 et
1214 2681 1291 2723 ista
1312 2696 1389 2736 per
1411 2683 1600 2725 dioceses

80 2737 392 2780 Eboracensem
416 2747 458 2780 et
484 2738 795 2780 Carleolensem
819 2745 861 2780 et
887 2738 1093 2781 Candidae
1115 2739 1237 2781 Casae
1259 2740 1468 2795 publicari
1489 2741 1601 2784 sece-
