1807 2962
188 93 250 141 68
511 108 649 140 H1sT.
681 105 920 138 DUNELM.
951 104 1256 137 SCRIPTORES
1284 105 1423 137 TnEs.

188 217 390 272 magistro
425 215 640 258 Baldredo
670 215 844 271 Byseth,
880 213 1048 254 officiali
1081 212 1268 268 episcopi
1291 212 1431 253 sanctif
1448 211 1648 262 Andreae,
1672 220 1716 254 et

190 274 508 319 Dunkeldensis
530 272 818 315 commissariO
840 274 881 313 in
906 273 985 312 hac
1006 286 1146 320 causa,
1171 270 1458 326 canonicoque
1482 270 1716 319 Catinensi,

191 344 236 376 et
259 334 429 375 Abbate
452 333 505 374 de
527 340 672 373 sancta
698 330 880 385 Agatha,
899 329 1117 384 proposuit
1133 339 1380 383 procurator
1399 327 1720 385 Archiepiscopi·

191 392 396 448 quasdam
418 392 694 445 exceptiones
716 387 992 430 recusatorias
1015 396 1164 428 contra
1185 386 1430 439 magistrum
1456 386 1717 427 Baldredum

190 450 429 505 praefatum,
454 464 581 504 super
601 463 698 504 quo,
723 447 868 487 habito
890 454 1070 487 tractatu
1095 459 1222 499 super
1243 444 1335 495 hiis,
1355 454 1399 486 et
1419 443 1524 494 aliis,
1547 458 1717 485 causam

193 508 479 563 tangentibuS,
516 521 646 562 usque
682 505 724 545 in
758 504 871 545 diem
908 503 1024 545 Jovis
1060 502 1319 558 proximum,
1349 502 1597 557 supervenit
1628 501 1720 558 qui-

193 567 289 608 dani
326 565 569 614 monachus,
594 578 785 605 asserens
808 577 849 603 se
877 561 1103 603 Sacristam
1132 561 1263 601 sancti
1286 561 1326 603 J.
1351 561 1405 601 de
1432 559 1726 610 Pontefracto,-

194 625 378 666 assidere
410 623 467 664 eis
501 623 674 669 volens3
706 631 960 675 ostensaque
992 629 1054 659 est
1085 618 1282 675 quaedam
1314 617 1555 659 commissio
1577 617 1721 658 sibiet

194 683 284 724 aliis
313 681 521 736 religiosis
551 680 724 720 diversis
757 693 832 735 per
864 678 1077 719 Abbatem
1112 677 1165 718 de
1199 684 1346 718 sancta
1377 676 1550 730 Agatha
1580 675 1725 723 fact-‘213

194 741 267 781 sed
291 749 540 795 procurator
566 737 863 778 Dunelxnensis
884 735 927 776 in
960 751 1058 776 eum
1090 733 1326 775 consentire
1356 734 1510 783 renuit,
1535 743 1576 775 et
1599 748 1721 789 quas-

195 800 293 840 dam
315 797 586 852 exceptiones
609 794 885 836 recusatorias
906 808 983 849 per
1004 793 1176 834 modum
1198 792 1349 833 notarii
1374 792 1415 832 in
1438 791 1601 846 scriptis
1622 806 1724 832 con-

196 867 260 898 tra
300 871 397 897 eum
439 854 673 910 proposuit,
716 855 890 908 ipsoque
932 853 990 893 sic
1041 861 1248 900 recusato,
1291 851 1569 905 praefixerunt
1609 849 1725 890 diem

195 915 383 970 partibus
416 914 561 954 Abbas
584 912 637 953 de
665 911 868 966 Alnewyk
891 919 935 950 et
959 909 1195 951 Baldredus
1224 908 1465 963 proximum
1490 907 1721 962 juridicum

195 982 295 1029 post
315 972 468 1013 festum
491 970 625 1011 sancti
647 968 858 1018 NicholaI,
882 983 976 1009 cum
1002 966 1328 1008 continuacione
1343 976 1387 1007 et
1404 965 1727 1022 prorogatione,-

196 1041 293 1081 etc.,
312 1039 368 1080 et,
389 1042 501 1078 nota,
521 1028 636 1084 quod
658 1028 698 1067 in
714 1027 919 1068 citat-ione
939 1026 1052 1067 facta
1068 1024 1402 1080 Archiepiscopo
1423 1024 1724 1065 notificabatur

198 1091 235 1130 ei
258 1089 384 1130 etiam
407 1087 572 1128 libellus
593 1096 740 1127 contra
760 1100 858 1126 eum
890 1084 931 1124 in
957 1083 1119 1139 judicio
1140 1082 1454 1137 proponendus.
1519 1081 1724 1123 Proximo

196 1147 325 1202 igitur
346 1146 414 1187 die
444 1145 630 1200 juridico
667 1152 761 1198 post
783 1143 937 1184 festum
960 1141 1093 1183 sancti
1116 1141 1327 1190 Nicholai,
1354 1140 1477 1182 Prior
1497 1148 1541 1182 et
1563 1140 1731 1194 capitu—-

195 1206 285 1246 lum
308 1213 636 1259 comparuerunt
656 1217 733 1255 per
753 1209 1085 1257 procuratorem,
1109 1209 1152 1240 et
1173 1198 1426 1254 praefixione
1447 1198 1572 1248 facta,
1589 1212 1724 1254 usque

197 1263 240 1304 in
278 1263 388 1304 diem
421 1261 613 1318 quintum
651 1260 861 1301 decimum
893 1258 1081 1313 ejusdem
1114 1257 1283 1307 mensis,
1316 1257 1392 1298 sub
1424 1256 1725 1312 expectatione

199 1319 536 1375 Archiepiscopi,
579 1333 664 1359 non
710 1316 1011 1372 comparentis,
1053 1330 1128 1370 per
1173 1315 1366 1357 Priorem
1417 1315 1470 1356 de
1523 1314 1723 1364 Driburc‚
1752 1333 1760 1337 “

201 1379 426 1422 sacristam
445 1377 497 1418 de
525 1376 736 1427 Kelchou,
760 1375 983 1432 magistros
1003 1374 1262 1415 Baldredum
1290 1373 1460 1428 Byseth,
1492 1382 1534 1414 et
1562 1372 1726 1413 Robero

198 1447 288 1478 tum
312 1438 365 1478 de
385 1435 568 1491 Merley,
595 1435 835 1476 Catinensis
869 1443 912 1475 et
940 1431 1268 1473 Dnmblanensis
1303 1431 1576 1472 ecclesiarum
1598 1446 1724 1472 cano-

197 1497 329 1545 nicos,
354 1493 673 1536 Dunkeldensis
696 1491 899 1548 Episcopi
922 1500 965 1532 et
982 1490 1162 1532 Abbatis
1183 1490 1236 1531 de
1259 1490 1467 1545 Alnewyk
1485 1489 1728 1530 commissa-

197 1553 297 1602 rios,
331 1553 485 1593 abbate
518 1552 571 1592 de
603 1560 749 1592 sancta
780 1549 953 1604 Agatha
983 1564 1026 1590 se
1058 1560 1301 1591 excusante.
1371 1547 1470 1595 Quo
1498 1547 1580 1598 die,
1604 1546 1725 1588 lectis

199 1611 485 1652 instrumentis
518 1609 740 1665 requisitiS,
777 1617 820 1649 et
852 1608 980 1649 docto
1016 1607 1069 1647 de
1102 1606 1308 1647 citacione
1339 1605 1662 1660 Archiepiscopi
1684 1614 1729 1647 et

200 1669 289 1710 aliis
311 1670 390 1709 rite
425 1667 561 1717 factis,
596 1667 930 1722 Archiepiscopo
951 1665 1120 1720 publice
1141 1664 1437 1719 praeconizato,
1461 1678 1538 1705 nec
1560 1678 1729 1718 compa-

199 1736 335 1777 rente,
369 1725 562 1782 praedicti
578 1725 762 1780 judices,
796 1723 955 1765 scilicet
980 1723 1115 1773 Prior,
1155 1724 1350 1773 Sacrista,
1370 1732 1412 1764 et
1435 1722 1651 1763 Robertus
1673 1722 1727 1764 de

202 1786 389 1840 Mel-ley,
428 1785 567 1825 adhuc
604 1784 682 1824 sub
723 1783 1023 1837 expectatione
1069 1781 1404 1836 Archiepiscopi,
1447 1781 1730 1822 decreverunt

202 1844 383 1885 eundem
407 1842 622 1883 citandum
646 1849 795 1882 eontra
817 1840 1056 1895 proximum
1079 1840 1193 1880 diem
1208 1838 1438 1894 juridicum
1454 1849 1551 1893 post
1572 1838 1728 1879 festum

203 1902 336 1942 sancti
371 1900 550 1942 Mathiae
568 1899 762 1954 apostoli,
787 1899 995 1939 facturum
1012 1908 1055 1938 et
1077 1908 1361 1953 recepturum,
1386 1912 1483 1938 cum
1505 1898 1730 1938 continua-

202 1959 324 2000 cione
357 1967 398 2000 et
420 1958 733 2015 prorogatione,
758 1966 852 2006 etc.,
876 1956 931 1997 ad
960 1956 1142 1997 eundem
1164 1956 1303 1996 locum
1327 1970 1411 2011 quo
1432 1954 1563 2010 prius.
1626 1955 1728 2004 Quo

204 2018 287 2067 die,
314 2016 645 2071 Archiepiscopo
667 2031 752 2056 non
776 2023 1061 2070 comparente,
1089 2013 1273 2056 Sacrista
1300 2013 1353 2054 de
1379 2013 1589 2062 Kelchou,
1614 2027 1731 2054 corn-

203 2075 418 2116 missarius
442 2074 644 2129 Episcopi»
665 2072 984 2115 Dunkeldensis
1016 2082 1058 2113 et
1090 2073 1143 2113 de
1167 2071 1388 2113 Alnewick
1418 2086 1496 2126 pro
1528 2070 1729 2112 tribunali

206 2133 395 2182 sedente,
431 2133 714 2187 praeconizato
759 2131 1091 2186 Archiepiscopo
1132 2145 1211 2171 nec
1257 2138 1545 2184 comparente,
1599 2130 1729 2170 docto

204 2192 318 2246 prius
340 2191 393 2232 de
416 2191 621 2232 citacione
644 2190 747 2245 ejus,
771 2189 956 2231 tamdem
980 2189 1033 2229 ad
1051 2188 1291 2229 instantiam
1316 2187 1473 2229 Prioris
1491 2196 1535 2228 et
1556 2187 1731 2242 capituli

204 2250 507 2305 pronunciatus
538 2258 602 2290 est
635 2257 879 2290 contumaX.
945 2246 1001 2287 Et
1032 2246 1075 2287 in
1097 2260 1267 2301 poenam
1289 2245 1568 2287 contumaciae
1590 2246 1643 2286 ad
1665 2261 1731 2287 re-

206 2308 445 2362 ceptionem
468 2306 764 2362 probationum
788 2306 1163 2346 instrumentorum
1192 2314 1287 2354 etc„
1311 2304 1531 2345 decretum
1553 2312 1617 2344 est
1638 2318 1730 2345 esse

204 2365 537 2421 procedendum.
604 2364 882 2420 Receptoque
914 2363 1099 2418 quodam
1137 2362 1420 2403 instrumento
1451 2361 1622 2416 publico
1653 2376 1731 2416 pro

208 2424 357 2464 Priore
380 2433 423 2464 et
445 2423 643 2477 capitulo,
667 2432 710 2463 et
733 2422 934 2478 perlecto,
957 2422 1228 2462 continuatus
1251 2429 1313 2461 est
1336 2420 1424 2461 dies
1446 2420 1517 2461 ille
1536 2435 1666 2476 usque
1687 2419 1732 2461 in

207 2482 319 2522 diem
352 2481 504 2523 Martis
526 2480 765 2535 proximum
784 2496 794 2529 3
828 2495 913 2536 quo
934 2479 1002 2520 die
1028 2479 1194 2529 Martis,
1218 2493 1358 2519 coram
1369 2477 1515 2534 judice
1538 2478 1731 2533 praefato,

208 2540 356 2580 Priore
378 2548 421 2580 et
443 2538 627 2593 capitulo
644 2547 918 2593 comparente
940 2552 1018 2592 per
1034 2546 1368 2592 procuratorem,
1398 2535 1731 2591 Archiepiscopo

206 2596 452 2652 frequenter
482 2595 769 2651 praeconizato
801 2606 845 2637 et
877 2595 1040 2636 diucius
1073 2603 1316 2650 expectato,
1341 2609 1418 2635 nec
1441 2604 1731 2648 comparente,

206 2655 511 2707 protestatione
549 2654 659 2694 facta
696 2654 834 2703 etiam,
876 2654 991 2709 quod
1023 2653 1055 2694 si
1088 2652 1179 2709 quis
1211 2667 1305 2694 eum
1339 2651 1566 2693 defendere
1590 2651 1727 2700 vellet,

204 2711 384 2752 iibcnter
416 2711 645 2760 audiretur,
681 2713 873 2759 tandem]
895 2711 1099 2766 processit
1121 2711 1233 2752 idem
1251 2710 1384 2766 judex
1409 2710 1461 2750 ad
1480 2709 1730 2750 sententiam

204 2769 461 2811 diffinitivam
485 2783 562 2824 pro
596 2769 879 2824 appellatione
915 2768 1071 2810 Prioris
1095 2777 1134 2811 et
1159 2768 1331 2823 capituli
1353 2777 1503 2809 contra
1524 2767 1731 2808 visitacio-
