1807 2962
436 86 703 125 uoBERTth
740 91 807 123 DE
846 86 1189 123 GRAYSTANES.
1513 77 1585 123 83³⁴

39 199 276 244 Antonium
312 200 650 242 Dunelmensem
687 198 946 254 Episcopum
986 197 1027 237 in
1068 195 1358 238 Patriarcham
1396 196 1569 240 Jeroso.

35 260 301 308 lomitanum,
341 267 493 315 quarto
524 273 623 302 non.
649 256 808 301 marcii.
875 256 930 298 Et
953 255 1007 296 ad
1028 254 1227 310 Episcopi
1248 255 1566 309 suggestionem

36 318 258 373 suspendit
284 317 472 359 Priorem
496 317 549 358 ab
571 314 934 357 administratione
956 322 1042 355 tam
1064 313 1106 354 in
1128 312 1413 368 spiritualibus
1436 327 1564 369 quam

34 375 76 417 in
99 376 402 431 temporalibus
421 379 486 427 [et
502 373 711 417 commisit
730 373 958 429 Episcopo,
978 371 1169 428 quamvis
1189 371 1378 426 Capituli
1395 370 1566 413 inimico

32 433 99 475 vel
132 433 389 483 adversario,
410 448 554 474 curam
586 433 737 474 domus
760 441 846 473 tam
867 431 910 472 in
942 430 1246 485 temporalibus
1269 443 1395 485 quam
1418 429 1460 469 in
1479 429 1563 484 spi-

31 491 286 544 ritualibus}
349 491 646 533 Transtulerat
677 505 721 532 se
755 504 857 531 vero
898 488 1020 530 Prior
1041 503 1184 530 versus
1209 487 1381 529 Curiam
1406 487 1561 529 eodem

31 564 168 599 anno;
205 550 280 591 sed
302 549 516 606 hyemavit
540 550 668 605 juxta
692 546 980 597 Cautum-iam,
1005 547 1112 587 duos
1135 544 1364 587 monachos
1388 545 1561 587 mittens

30 607 147 664 [ibi].
212 608 416 650 Morante
446 607 574 662 igitur
607 606 757 650 Priore
790 605 863 656 ibi,
897 604 1107 646 commisit
1142 603 1381 658 Episcopus
1413 618 1557 645 curam

30 665 180 707 domus
206 666 264 710 H.
288 666 343 707 de
366 666 558 722 Luceby,
574 679 700 721 quem
723 663 837 719 prius
859 663 1111 719 praefecerat
1133 662 1175 702 in
1200 661 1407 705 Priorem.
1443 662 1559 704 Exe-

29 732 150 765 cutus
191 725 336 782 [vero]
378 734 442 765 est
478 724 726 764 mandatum
758 721 1057 778 Apostolicum
1102 720 1246 761 Abbas
1289 720 1555 771 Lesacensis,

28 782 121 838 [qui
142 781 352 823 commisit
370 782 478 824 vices
500 796 596 823 suas
623 780 841 835 Stephano
864 780 917 821 de
942 779 1062 821 Malo
1086 779 1218 828 Lacu,
1241 778 1558 820 Archidiacono

28 840 82 881 de
107 840 304 890 Clifland,
320 849 364 881 et
387 839 590 897 magistro
610 839 664 880 R.
684 839 735 879 de
763 838 984 894 Morpath,
1004 838 1075 894 qui
1099 837 1205 887 duo]
1230 846 1437 878 venerunt
1459 850 1562 878 cum

27 898 207 953 praefato
233 898 294 940 H.
317 899 597 948 Dunelmum,
622 897 666 938 in
699 896 769 938 die
797 897 960 946 Coenae,
984 896 1039 937 ad
1061 895 1351 936 inducendum
1383 910 1482 936 eum
1513 895 1556 936 in

26 956 288 1012 corporalem
326 957 635 1011 possessionem
672 970 787 996 curae
823 955 1002 1003 domus3
1035 954 1107 995 sed
1142 953 1292 994 clausis
1323 953 1465 1009 januis
1490 957 1555 1005 [et

25 1014 188 1065 hostiis,
212 1016 255 1055 in
286 1015 428 1056 medio
461 1013 671 1067 ecclesiae]
710 1028 794 1054 non
825 1022 923 1054 sunt
944 1011 1137 1068 permissi
1158 1013 1330 1053 intrare.
1395 1012 1556 1053 Provo-

25 1082 165 1113 catum
202 1072 281 1113 suit
318 1088 372 1114 ex
407 1081 529 1128 parte
570 1071 726 1113 Prioris
760 1079 804 1112 et
837 1071 1010 1127 capituli
1047 1077 1109 1126 [et
1144 1070 1417 1125 appellatum,
1453 1070 1555 1126 quia

25 1131 154 1171 bullae
185 1132 424 1186 impetratae
452 1140 572 1172 eraut
596 1145 739 1171 verum
762 1129 1065 1184 supprimendo
1087 1138 1129 1169 et
1150 1129 1300 1170 falsum
1323 1144 1553 1186 suggeren-

25 1188 101 1241 do]
121 1204 132 1238 ;
165 1188 592 1231 excommunicabant
623 1188 693 1228 alii
728 1188 921 1229 Priorem
943 1196 985 1228 et
1008 1187 1188 1241 majores
1210 1187 1384 1241 capituli
1406 1196 1447 1228 et
1470 1186 1552 1227 sin-

25 1247 146 1301 gulos
177 1249 420 1288 resistentes
452 1248 526 1288 eis.
592 1247 675 1289 Sed
698 1246 740 1286 in
771 1245 849 1286 hiis
871 1246 1065 1287 omnibus
1084 1255 1174 1286 erat
1197 1259 1343 1286 manus
1367 1244 1547 1299 [Regis]

25 1320 121 1346 eum
147 1305 307 1350 Priore.
374 1305 493 1347 Fecit
514 1304 624 1346 enim
647 1304 877 1345 attachiare
899 1303 1098 1358 praefatos
1123 1304 1167 1346 S.
1192 1312 1236 1344 et
1261 1303 1341 1352 R.;
1365 1318 1415 1344 eo
1437 1303 1554 1359 quod

24 1364 274 1404 mandatum
291 1363 534 1419 hujusmodi
555 1362 725 1404 executi
747 1372 844 1403 sunt
867 1363 910 1403 in
932 1361 1225 1417 praejudicium
1255 1361 1396 1418 Regis,
1456 1361 1555 1409 Qua

26 1422 140 1463 enim
176 1422 340 1464 ratione
372 1421 532 1478 poterit
567 1422 687 1477 Papa
717 1420 838 1462 alteri
860 1421 1049 1461 conferre
1072 1434 1215 1461 curam
1239 1419 1550 1475 temporalium,

25 1488 168 1534 posset
186 1481 273 1536 ipse
295 1480 371 1521 sibi
394 1480 591 1522 retinere.
641 1479 771 1521 Unde
795 1488 835 1520 et
858 1494 984 1534 poena
1005 1477 1247 1532 pecuniaria
1267 1487 1365 1518 suut
1385 1478 1553 1519 multati

25 1547 202 1594 uterque
244 1553 392 1580 eorum
428 1539 469 1579 in
507 1546 680 1579 centum
715 1537 844 1579 libris.
907 1537 958 1578 In
994 1537 1062 1578 die
1099 1552 1202 1577 vero
1238 1536 1415 1577 Paschae
1453 1551 1550 1578 cum

24 1611 134 1652 aqua
157 1597 419 1652 [benedicta]
438 1606 769 1646 consecraretur,
789 1596 922 1636 crevit
940 1595 1082 1636 oleum
1100 1594 1142 1635 in
1160 1604 1283 1649 petra
1299 1595 1376 1635 sub
1394 1594 1553 1635 feretro

24 1653 66 1694 in
88 1655 262 1696 modum
285 1654 429 1696 circuli
450 1655 505 1696 ad
526 1654 795 1695 latitudinem
819 1662 861 1694 et
882 1653 1209 1709 grossitudinem
1235 1652 1357 1693 unius
1379 1653 1519 1693 annuli
1539 1669 1548 1701 3

23 1713 82 1754 ita
113 1714 229 1769 quod
259 1713 510 1754 sensibiliter
540 1712 719 1753 vidimus
741 1721 783 1753 et
804 1711 1071 1767 percepimus
1094 1711 1426 1763 [incrementum
1448 1713 1548 1764 ejus,

25 1772 139 1827 quod
170 1771 350 1812 invisum
382 1779 471 1813 erat
494 1780 619 1812 antea
641 1770 905 1826 temporibus
942 1770 1108 1811 nostris,
1182 1769 1551 1810 Confortabautur

24 1829 219 1870 monachi
251 1830 528 1871 vehementer
559 1844 613 1870 ex
634 1828 729 1878 hoc,
754 1837 969 1883 sperantes
991 1843 1068 1883 per
1090 1828 1241 1869 merita
1261 1827 1395 1869 sancti
1418 1827 1549 1882 patris

27 1887 254 1929 Cuthberti
288 1888 600 1929 tribulationem
634 1887 693 1928 eis
725 1886 1013 1928 imminentem
1036 1886 1292 1929 leniendam.
1362 1885 1548 1933 Quidam

23 1956 124 1987 vero
159 1946 521 2001 conjecturabant,
558 1954 738 2001 propter
770 1946 951 2002 figuram
989 1945 1073 1986 olei
1105 1944 1367 1995 circularem,
1407 1944 1549 1985 oleum

23 2017 100 2058 per
137 2019 295 2046 annum
336 2015 582 2061 sequentem
619 2013 929 2054 emanaturum,
969 2018 1046 2058 per
1081 2002 1192 2044 vices
1229 2011 1386 2052 tamen,
1423 2013 1467 2043 et
1489 2003 1548 2043 sic

24 2062 174 2104 evenit.
237 2063 289 2104 In
330 2072 480 2105 aestate
523 2072 740 2118 sequente,
785 2063 981 2103 veniente
1018 2062 1138 2116 Rege
1170 2076 1312 2102 versus
1337 2060 1544 2110 Scociam,

25 2128 172 2162 contra
215 2121 454 2163 Robertum
499 2121 621 2171 Erus,
664 2121 737 2176 qui
776 2121 1015 2162 Johannem
1054 2119 1209 2162 Cumin
1251 2119 1463 2160 occiderat
1505 2120 1549 2159 iu

25 2178 212 2229 ecclesia,
251 2189 293 2221 et
326 2195 503 2235 regnum
541 2179 696 2221 Scotiae
730 2188 1008 2234 usurpaverat
1039 2178 1117 2219 sibi
1133 2183 1163 2231 ς]
1198 2178 1325 2219 rediit
1350 2177 1472 2218 Prior
1494 2178 1548 2217 de

24 2236 213 2291 partibus
246 2238 513 2288 australibus,
548 2248 589 2279 et
622 2237 806 2278 occurrit
844 2237 953 2291 Regi
975 2237 1088 2292 apud
1114 2236 1403 2284 Dunelinum3
1439 2236 1548 2276 etin

25 2293 94 2336 die
131 2295 263 2337 sancti
305 2296 491 2337 Oswaldi
531 2296 661 2350 Regis
694 2296 863 2337 missam
899 2295 1130 2336 celebravit
1164 2294 1338 2336 domiuo
1364 2294 1473 2349 Regi
1494 2294 1550 2333 ad-

25 2351 156 2394 altare
193 2354 326 2394 sancti
365 2354 553 2396 Oswaldi
588 2354 628 2394 in
667 2354 807 2395 fronte
837 2353 1043 2395 ecclesiae.
1107 2354 1164 2394 Et
1186 2353 1243 2393 ibi
1266 2351 1502 2392 licentiatus
1525 2366 1553 2391 a

30 2409 163 2464 Rege,
198 2420 240 2452 et
270 2411 414 2452 literas
446 2411 809 2453 commendatitias
840 2412 971 2466 Papae
993 2426 1070 2466 pro
1093 2426 1145 2452 eo
1167 2409 1389 2464 accipiens,
1414 2418 1549 2450 traus-

26 2468 124 2510 tulit
155 2483 199 2509 se
237 2484 379 2509 versus
412 2470 585 2519 curiam,
619 2471 660 2510 in
682 2469 769 2510 vita
791 2469 870 2510 ista
891 2468 1063 2509 minime
1084 2482 1339 2509 reversurus.
1402 2467 1550 2519 [Prior

27 2539 126 2567 vero
159 2525 237 2567 etsi
272 2526 459 2581 legitime
492 2536 764 2582 provocasset
800 2535 842 2568 et
879 2527 1143 2581 appellasset,
1175 2535 1317 2567 tamen
1360 2524 1414 2565 de
1449 2539 1551 2566 cura

26 2583 175 2625 domus
206 2599 290 2625 non
313 2584 538 2626 intromisit
569 2584 646 2625 nisi
680 2585 981 2636 consulenda]
1043 2583 1221 2625 Interim
1245 2582 1412 2638 scripsit
1435 2583 1554 2638 Papa

32 2641 152 2697 Regi,
185 2657 338 2696 rogans
366 2658 465 2684 eum
487 2654 533 2684 ut
556 2643 826 2684 collationem
850 2643 1000 2683 domus
1022 2641 1075 2684 de
1101 2641 1399 2696 Coldingliam,
1424 2656 1551 2697 quam

26 2697 112 2754 ipse
145 2700 284 2741 facere
321 2701 602 2756 disposuerat,
640 2702 786 2756 nepoti
824 2716 900 2742 suo
927 2709 1185 2756 acceptaret.
1251 2699 1421 2741 Habuit
1443 2699 1554 2740 enim

28 2767 221 2813 nepotem
258 2760 486 2815 quendam,
527 2759 827 2816 Raymuudum
860 2759 914 2801 de
956 2759 996 2801 la
1035 2759 1155 2802 Goth
1196 2758 1384 2808 nomine,
1426 2773 1555 2814 quem

761 2832 782 2858 1³
807 2822 838 2858 2>
