1807 2962
710 84 988 115 APPENDIX.
1561 73 1603 120 xi

78 192 336 237 Gwillielmo
367 200 412 233 et
442 191 610 232 Thoma
644 191 917 241 Eboracensi,
952 190 993 231 in
1025 191 1200 233 consilio
1222 193 1335 248 apud
1360 193 1609 246 Lundonias

75 252 359 301 definivimus,
377 260 420 291 et
436 250 513 291 sub
528 249 810 291 anathematis
827 248 1128 290 interdictione
1146 251 1437 305 prohibemus.
1475 252 1611 293 Volu-

75 325 167 351 mus
199 309 358 364 itaque,
393 308 682 357 concedimus,
716 316 842 364 atque
875 306 1154 358 decrevimus,
1189 311 1400 364 quatinuS,
1436 310 1610 350 remotis

74 367 288 409 canonicis
312 366 364 408 de
386 365 500 407 beati
525 365 755 407 Cuthberti
787 365 978 415 ecclesia,
999 366 1195 407 monachi
1227 366 1382 408 ibidem
1403 366 1500 407 Deo
1522 382 1610 408 ser-

74 424 202 466 vituri
226 425 563 474 introducantur,
584 432 626 464 et
648 424 755 464 ordo
777 422 1034 464 monasticus
1058 423 1214 465 ibidem
1237 424 1441 466 canonice
1464 425 1608 466 obser-

75 492 211 524 vetur.
278 482 578 523 Testificamur
615 481 748 522 eciam
785 480 884 537 quia
913 480 1109 522 dominus
1134 482 1253 538 Papa
1274 498 1419 524 ornnes
1441 483 1608 533 fratres,

76 541 134 582 ibi
159 541 256 582 Deo
289 540 629 594 congregandOS,
655 539 733 580 sub
766 540 881 580 beati
910 538 1026 580 Petri
1049 548 1091 581 et
1123 555 1200 581 sua
1229 541 1497 595 protectione
1522 556 1612 582 sus-

77 598 204 653 cepit.
271 598 491 639 Prioribus
515 612 615 638 vero
648 597 775 652 ipsius
807 597 999 638 ecclesiae
1032 598 1177 639 sedem
1199 600 1382 641 Abbatis
1414 599 1455 640 in
1478 599 1611 641 choro

78 656 249 697 sinistro
266 655 485 704 concessit,
511 665 554 696 et
576 655 751 696 liberam
786 655 844 696 eis
867 656 908 696 in
931 655 1125 697 omnibus
1149 656 1488 712 disposicionem,
1512 673 1613 699 con-

77 715 258 756 cedente
287 714 406 770 Rege
428 723 469 754 et
494 713 751 755 Gwillielmo
768 714 984 769 episcopo,
1007 714 1201 765 contulit,
1221 716 1418 772 quatinus
1433 717 1611 772 primam

77 787 226 814 vocem
257 787 353 812 cum
391 771 578 827 capitulo
615 771 657 811 in
696 771 899 827 Episcopi
937 772 1146 814 electione
1165 773 1372 829 {habeant
1408 783 1452 816 et
1489 775 1613 830 primi

78 831 268 872 dexterae
288 829 489 885 Episcopi
509 829 635 884 ipsius
653 829 843 871 ecclesiae
862 830 1124 872 collaterales
1142 831 1340 876 existant.
1400 833 1613 875 Ecclesias

77 903 180 929 vero
211 903 319 938 suas,
353 887 394 928 in
426 903 676 944 quacunque
709 887 869 929 diocesi
899 888 1069 939 fuerint,
1108 889 1241 931 libere
1280 906 1360 946 pro
1391 891 1614 934 voluntate

81 961 156 987 sua
187 945 429 1000 disponant,
463 946 527 987 vel
548 948 591 986 in
613 960 742 986 manu
774 961 849 987 sua
881 954 1071 997 teneant,
1093 963 1168 988 seu
1200 948 1391 990 honestis
1423 949 1615 1004 personis

79 1004 132 1045 de
173 1003 231 1045 eis
274 1004 490 1053 tenendas,
533 1005 692 1060 absque
733 1006 850 1045 omni
893 1004 1206 1061 Episcoporum
1248 1006 1505 1062 fatigacione
1547 1008 1614 1050 vel

79 1061 407 1117 inquietacione,
451 1062 719 1112 distribuant,
754 1072 796 1105 et
835 1063 1037 1119 quicquid
1084 1064 1257 1105 honoris
1300 1066 1366 1107 vel
1388 1067 1615 1121 potestatis

80 1120 246 1162 Decani
289 1120 579 1161 Eboracenses
620 1121 697 1161 sub
741 1121 1072 1176 Arcbiepiscopo
1107 1123 1325 1177 possident
1367 1123 1616 1178 Apostolica

81 1188 123 1219 et
156 1185 300 1218 nostra
320 1177 576 1220 auctoritate
597 1188 862 1220 conservent.
928 1179 1051 1220 Prior
1080 1195 1180 1221 vero
1202 1182 1418 1222 communi
1441 1182 1616 1223 consilio

80 1235 257 1276 fratrum
289 1235 482 1292 eligatur,
502 1246 558 1286 et,
578 1236 655 1277 nisi
675 1236 923 1277 racionabili
946 1251 1071 1278 causa
1088 1239 1300 1293 exigente,
1325 1251 1368 1281 et
1400 1250 1617 1281 conventu

81 1293 217 1348 ipsum
260 1293 417 1334 meritis
457 1293 540 1334 suis
582 1294 851 1349 exigentibus
885 1295 1112 1346 refutante,
1147 1297 1318 1339 minime
1349 1298 1615 1353 deponetur3

83 1360 126 1392 et
168 1360 256 1392 tam
296 1350 472 1393 interius
512 1367 640 1408 quam
687 1352 875 1394 exterius
917 1353 1052 1394 omnis
1095 1369 1223 1396 causa
1263 1371 1358 1396 curn
1400 1356 1528 1411 ipsius
1573 1364 1617 1397 et

81 1409 258 1450 fratrum
290 1409 467 1450 consilio
498 1409 629 1451 libere
660 1410 920 1465 disponatur,
945 1419 988 1452 et
1009 1413 1171 1453 nullum
1199 1415 1375 1454 omnino
1407 1414 1614 1456 auxilium

84 1468 138 1508 de
169 1467 352 1508 ecclesiis
385 1483 531 1508 eorum
565 1468 632 1508 vel
655 1468 777 1510 terris
809 1470 862 1509 ab
895 1470 1038 1525 aliquo
1068 1470 1379 1526 Episcoporum
1402 1472 1612 1526 exigatur.

89 1525 198 1572 Quae
220 1525 361 1565 omnia
381 1535 498 1566 carta
523 1525 747 1568 VVillielmi
786 1527 985 1583 Episcopi
1018 1535 1060 1568 et
1094 1528 1276 1570 Thomae
1296 1529 1617 1585 Archiepiscopi

85 1583 246 1637 plenius
282 1591 326 1624 et
357 1584 589 1637 perfeccius
619 1593 924 1626 contestantur.
1007 1586 1121 1627 Haec
1162 1587 1290 1641 igitur
1323 1587 1465 1629 onmia
1491 1589 1618 1643 plene

83 1641 367 1690 concedimus,
391 1650 433 1682 et
462 1642 539 1682 sub
572 1642 841 1684 anathemate
873 1643 1119 1685 inconcussa
1149 1660 1395 1699 permanere
1425 1645 1618 1700 pratcipi-

86 1714 191 1741 mus,
260 1699 424 1740 Valete.
487 1699 690 1741 Testibus
723 1701 948 1742 Gundulfo
983 1702 1161 1743 Rofensi
1186 1703 1412 1759 Episcopo,
1448 1713 1492 1744 et
1532 1704 1620 1745 Re-

84 1755 215 1810 migio
247 1756 535 1798 Lincolnicnsi
574 1758 800 1813 Episcopo,
837 1759 973 1800 Paulo
1008 1761 1178 1801 Abbate
1208 1762 1341 1803 sancti
1383 1762 1535 1803 Albani
1573 1770 1617 1803 et

89 1814 314 1855 Thuroldo
349 1815 519 1857 Abbate
553 1816 606 1857 de
630 1817 763 1866 ssurh,
799 1826 843 1858 et
874 1817 1015 1858 multis
1037 1818 1127 1859 aliis
1159 1820 1362 1874 personis
1428 1820 1477 1861 In
1504 1820 1620 1862 Con-

86 1871 181 1913 silio
207 1872 544 1915 Lundoniarum.

206 2097 247 2124 V.
286 2097 431 2125 CARTA
474 2099 648 2127 THOMAE
690 2101 1045 2131 ARCHIEPISCOPI
1090 2104 1402 2134 EBORACENSIS
1445 2109 1503 2136 DE

209 2154 418 2183 OMNIBUS
435 2156 773 2189 LIBERTATIBUS
791 2159 953 2189 PRIORI
973 2160 1028 2187 ΕΤ
1046 2161 1311 2191 CONVENTUI
1328 2165 1505 2193 DUNEL-

210 2213 350 2240 MENSI
369 2214 619 2242 CONCESSIS.

626 2290 736 2335 [Orig.
755 2296 790 2324 et
808 2293 902 2326 Cart.
920 2295 994 2327 111.
1010 2295 1032 2327 f.
1055 2297 1064 2327 l
1085 2298 1097 2340 ]

159 2363 359 2414 Thomam,
404 2365 489 2407 Dei
527 2368 671 2423 gracia
706 2368 985 2411 Eboracensis
1020 2373 1393 2429 Archiepiscopus,
1428 2377 1624 2419 omnibus

100 2420 461 2476 ArchiepiscopiS,
489 2424 722 2479 EpiscopiS,
746 2435 790 2467 et
812 2428 1066 2478 Abbatibus,
1090 2445 1168 2484 per
1191 2432 1392 2485 Angliam
1415 2442 1501 2475 tam
1523 2450 1624 2477 con-

98 2477 255 2518 stitutis
296 2494 422 2534 quam
474 2480 516 2520 in
561 2491 778 2535 posterum
822 2486 1087 2537 successuris,
1127 2496 1171 2529 et
1213 2490 1408 2531 omnibus
1454 2492 1535 2534 sibi
1579 2493 1624 2534 in

100 2535 298 2576 Eboraco
342 2536 684 2593 Archiepiscopis
734 2543 986 2583 successuris
1038 2544 1078 2584 in
1119 2548 1386 2600 perpetuum,
1430 2549 1625 2592 salutem.

105 2593 214 2633 Cum
235 2602 428 2635 nostrum
450 2595 502 2636 sit
519 2595 702 2638 officium
724 2598 920 2640 omnibus
953 2611 1153 2655 praestare
1174 2603 1343 2658 pietatis
1361 2607 1625 2664 obsequium,

99 2649 179 2691 hiis
201 2658 345 2693 tamen
368 2652 551 2694 maxime
576 2654 827 2696 Sanctorum
853 2657 937 2698 Dei
969 2660 1171 2701 debemus
1194 2662 1447 2719 obsequium
1469 2675 1626 2709 nostrae

102 2707 346 2750 devocionis
383 2709 645 2765 impendere,
669 2728 694 2755 a
727 2714 878 2770 quibus
910 2726 1074 2758 constat
1110 2733 1186 2760 nos
1208 2721 1421 2774 peculiare
1443 2724 1628 2766 muneris

101 2764 358 2808 beneficium
390 2769 641 2825 percepisse.
707 2770 798 2813 Nos
831 2772 1014 2829 quidem,
1040 2775 1125 2818 Dei
1156 2778 1324 2833 flagello
1356 2781 1562 2837 castigati,
1586 2791 1629 2824 et
