<?xml version="1.0" encoding="UTF-8"?>
<!DOCTYPE html PUBLIC "-//W3C//DTD XHTML 1.0 Transitional//EN"
    "http://www.w3.org/TR/xhtml1/DTD/xhtml1-transitional.dtd">
<html xmlns="http://www.w3.org/1999/xhtml" xml:lang="en" lang="en">
 <head>
  <title>
</title>
<meta http-equiv="Content-Type" content="text/html;charset=utf-8" />
  <meta name='ocr-system' content='tesseract 3.04.00' />
  <meta name='ocr-capabilities' content='ocr_page ocr_carea ocr_par ocr_line ocrx_word'/>
</head>
<body>
  <div class='ocr_page' id='page_1' title='image "./historiaedunelme00gauf_0464.png"; bbox 0 0 1807 2962; ppageno 0'>
   <div class='ocr_carea' id='block_1_1' title="bbox 183 82 1406 136">
    <p class='ocr_par' dir='ltr' id='par_1_1' title="bbox 183 82 1406 136">
     <span class='ocr_line' id='line_1_1' title="bbox 183 82 1406 136; baseline 0.004 -7"><span class='ocrx_word' id='word_1_1' title='bbox 183 82 303 130; x_wconf 86' lang='lat' dir='ltr'>ccliv</span> <span class='ocrx_word' id='word_1_2' title='bbox 509 99 644 133; x_wconf 76' lang='lat' dir='ltr'>fflsr.</span> <span class='ocrx_word' id='word_1_3' title='bbox 671 99 909 132; x_wconf 87' lang='lat' dir='ltr'><strong>DUNELM.</strong></span> <span class='ocrx_word' id='word_1_4' title='bbox 934 100 1240 134; x_wconf 83' lang='lat' dir='ltr'>SCRIPTORES</span> <span class='ocrx_word' id='word_1_5' title='bbox 1267 102 1406 136; x_wconf 83' lang='lat' dir='ltr'><strong>TRES.</strong></span> 
     </span>
    </p>
   </div>
   <div class='ocr_carea' id='block_1_2' title="bbox 172 205 1707 614">
    <p class='ocr_par' dir='ltr' id='par_1_2' title="bbox 172 205 1707 614">
     <span class='ocr_line' id='line_1_2' title="bbox 179 205 1706 268; baseline 0.007 -22"><span class='ocrx_word' id='word_1_6' title='bbox 179 206 259 247; x_wconf 88' lang='lat' dir='ltr'>bus</span> <span class='ocrx_word' id='word_1_7' title='bbox 296 205 468 263; x_wconf 88' lang='lat' dir='ltr'>quidem</span> <span class='ocrx_word' id='word_1_8' title='bbox 501 208 623 249; x_wconf 88' lang='lat' dir='ltr'>bonis</span> <span class='ocrx_word' id='word_1_9' title='bbox 659 207 923 263; x_wconf 81' lang='lat' dir='ltr'>supradictiS‚</span> <span class='ocrx_word' id='word_1_10' title='bbox 961 208 1155 249; x_wconf 91' lang='lat' dir='ltr'>omnibus</span> <span class='ocrx_word' id='word_1_11' title='bbox 1182 218 1225 251; x_wconf 90' lang='lat' dir='ltr'>et</span> <span class='ocrx_word' id='word_1_12' title='bbox 1246 210 1432 265; x_wconf 76' lang='lat' dir='ltr'>singuliS,</span> <span class='ocrx_word' id='word_1_13' title='bbox 1456 212 1513 253; x_wconf 89' lang='lat' dir='ltr'>sic</span> <span class='ocrx_word' id='word_1_14' title='bbox 1536 228 1609 268; x_wconf 89' lang='lat' dir='ltr'>per</span> <span class='ocrx_word' id='word_1_15' title='bbox 1630 229 1706 256; x_wconf 89' lang='lat' dir='ltr'>nos</span> 
     </span>
     <span class='ocr_line' id='line_1_3' title="bbox 177 265 1707 324; baseline 0.007 -21"><span class='ocrx_word' id='word_1_16' title='bbox 177 265 372 320; x_wconf 80' lang='lat' dir='ltr'>receptis,</span> <span class='ocrx_word' id='word_1_17' title='bbox 408 274 455 307; x_wconf 93' lang='lat' dir='ltr'>ut</span> <span class='ocrx_word' id='word_1_18' title='bbox 476 266 716 321; x_wconf 86' lang='lat' dir='ltr'>praefertur,</span> <span class='ocrx_word' id='word_1_19' title='bbox 752 281 828 307; x_wconf 90' lang='lat' dir='ltr'>nos</span> <span class='ocrx_word' id='word_1_20' title='bbox 853 265 976 307; x_wconf 83' lang='lat' dir='ltr'>Prior</span> <span class='ocrx_word' id='word_1_21' title='bbox 997 275 1040 307; x_wconf 91' lang='lat' dir='ltr'>et</span> <span class='ocrx_word' id='word_1_22' title='bbox 1066 267 1312 321; x_wconf 81' lang='lat' dir='ltr'>Capitulum</span> <span class='ocrx_word' id='word_1_23' title='bbox 1334 270 1528 324; x_wconf 84' lang='lat' dir='ltr'>praedicti</span> <span class='ocrx_word' id='word_1_24' title='bbox 1551 287 1707 314; x_wconf 89' lang='lat' dir='ltr'>execu-</span> 
     </span>
     <span class='ocr_line' id='line_1_4' title="bbox 178 323 1703 384; baseline 0.008 -22"><span class='ocrx_word' id='word_1_25' title='bbox 178 329 293 364; x_wconf 83' lang='lat' dir='ltr'>tores</span> <span class='ocrx_word' id='word_1_26' title='bbox 311 323 537 378; x_wconf 84' lang='lat' dir='ltr'>praedictos</span> <span class='ocrx_word' id='word_1_27' title='bbox 554 323 844 380; x_wconf 87' lang='lat' dir='ltr'>acquietamus</span> <span class='ocrx_word' id='word_1_28' title='bbox 862 333 902 364; x_wconf 91' lang='lat' dir='ltr'>et</span> <span class='ocrx_word' id='word_1_29' title='bbox 922 323 1086 379; x_wconf 91' lang='lat' dir='ltr'>quietos</span> <span class='ocrx_word' id='word_1_30' title='bbox 1105 325 1353 367; x_wconf 83' lang='lat' dir='ltr'>dimittimus</span> <span class='ocrx_word' id='word_1_31' title='bbox 1367 343 1445 383; x_wconf 89' lang='lat' dir='ltr'>per</span> <span class='ocrx_word' id='word_1_32' title='bbox 1458 340 1703 384; x_wconf 73' lang='lat' dir='ltr'>praesentes,</span> 
     </span>
     <span class='ocr_line' id='line_1_5' title="bbox 179 379 1703 442; baseline 0.007 -22"><span class='ocrx_word' id='word_1_33' title='bbox 179 379 228 420; x_wconf 91' lang='lat' dir='ltr'>In</span> <span class='ocrx_word' id='word_1_34' title='bbox 260 382 378 436; x_wconf 90' lang='lat' dir='ltr'>cujus</span> <span class='ocrx_word' id='word_1_35' title='bbox 399 383 459 423; x_wconf 90' lang='lat' dir='ltr'>rei</span> <span class='ocrx_word' id='word_1_36' title='bbox 481 382 768 423; x_wconf 89' lang='lat' dir='ltr'>testimonium</span> <span class='ocrx_word' id='word_1_37' title='bbox 789 381 900 437; x_wconf 84' lang='lat' dir='ltr'>parti</span> <span class='ocrx_word' id='word_1_38' title='bbox 923 382 1046 436; x_wconf 89' lang='lat' dir='ltr'>hujus</span> <span class='ocrx_word' id='word_1_39' title='bbox 1068 382 1306 424; x_wconf 85' lang='lat' dir='ltr'>indenturae</span> <span class='ocrx_word' id='word_1_40' title='bbox 1324 400 1453 440; x_wconf 85' lang='lat' dir='ltr'>penes</span> <span class='ocrx_word' id='word_1_41' title='bbox 1475 388 1703 442; x_wconf 80' lang='lat' dir='ltr'>praedictos</span> 
     </span>
     <span class='ocr_line' id='line_1_6' title="bbox 176 439 1703 500; baseline 0.007 -22"><span class='ocrx_word' id='word_1_42' title='bbox 176 448 426 481; x_wconf 83' lang='lat' dir='ltr'>executores</span> <span class='ocrx_word' id='word_1_43' title='bbox 458 441 697 481; x_wconf 82' lang='lat' dir='ltr'>remanenti</span> <span class='ocrx_word' id='word_1_44' title='bbox 729 455 806 480; x_wconf 90' lang='lat' dir='ltr'>nos</span> <span class='ocrx_word' id='word_1_45' title='bbox 833 439 954 480; x_wconf 84' lang='lat' dir='ltr'>Prior</span> <span class='ocrx_word' id='word_1_46' title='bbox 975 448 1018 481; x_wconf 87' lang='lat' dir='ltr'>et</span> <span class='ocrx_word' id='word_1_47' title='bbox 1042 440 1285 496; x_wconf 79' lang='lat' dir='ltr'>Capitulum</span> <span class='ocrx_word' id='word_1_48' title='bbox 1309 444 1500 497; x_wconf 86' lang='lat' dir='ltr'>praedicti</span> <span class='ocrx_word' id='word_1_49' title='bbox 1523 445 1703 500; x_wconf 83' lang='lat' dir='ltr'>sigillum</span> 
     </span>
     <span class='ocr_line' id='line_1_7' title="bbox 173 497 1703 556; baseline 0.007 -21"><span class='ocrx_word' id='word_1_50' title='bbox 173 505 363 538; x_wconf 86' lang='lat' dir='ltr'>nostrum</span> <span class='ocrx_word' id='word_1_51' title='bbox 397 512 621 539; x_wconf 90' lang='lat' dir='ltr'>commune</span> <span class='ocrx_word' id='word_1_52' title='bbox 642 497 937 553; x_wconf 88' lang='lat' dir='ltr'>apposuimus;</span> <span class='ocrx_word' id='word_1_53' title='bbox 989 507 1031 539; x_wconf 87' lang='lat' dir='ltr'>et</span> <span class='ocrx_word' id='word_1_54' title='bbox 1052 498 1171 540; x_wconf 87' lang='lat' dir='ltr'>alteri</span> <span class='ocrx_word' id='word_1_55' title='bbox 1194 500 1301 554; x_wconf 86' lang='lat' dir='ltr'>parti</span> <span class='ocrx_word' id='word_1_56' title='bbox 1324 516 1449 556; x_wconf 89' lang='lat' dir='ltr'>penes</span> <span class='ocrx_word' id='word_1_57' title='bbox 1472 518 1547 544; x_wconf 87' lang='lat' dir='ltr'>nos</span> <span class='ocrx_word' id='word_1_58' title='bbox 1568 519 1703 546; x_wconf 89' lang='lat' dir='ltr'>rema·-</span> 
     </span>
     <span class='ocr_line' id='line_1_8' title="bbox 172 555 1701 614; baseline 0.007 -21"><span class='ocrx_word' id='word_1_59' title='bbox 172 556 293 596; x_wconf 87' lang='lat' dir='ltr'>nenti</span> <span class='ocrx_word' id='word_1_60' title='bbox 315 555 415 597; x_wconf 88' lang='lat' dir='ltr'>dicti</span> <span class='ocrx_word' id='word_1_61' title='bbox 436 566 686 598; x_wconf 84' lang='lat' dir='ltr'>executores</span> <span class='ocrx_word' id='word_1_62' title='bbox 723 555 860 613; x_wconf 86' lang='lat' dir='ltr'>sigilla</span> <span class='ocrx_word' id='word_1_63' title='bbox 890 571 965 597; x_wconf 87' lang='lat' dir='ltr'>sua</span> <span class='ocrx_word' id='word_1_64' title='bbox 986 567 1287 612; x_wconf 87' lang='lat' dir='ltr'>apposuerunt.</span> <span class='ocrx_word' id='word_1_65' title='bbox 1350 560 1467 602; x_wconf 85' lang='lat' dir='ltr'>Data</span> <span class='ocrx_word' id='word_1_66' title='bbox 1487 561 1595 613; x_wconf 90' lang='lat' dir='ltr'>loco,</span> <span class='ocrx_word' id='word_1_67' title='bbox 1620 562 1701 614; x_wconf 90' lang='lat' dir='ltr'>die,</span> 
     </span>
    </p>
   </div>
   <div class='ocr_carea' id='block_1_3' title="bbox 172 614 637 670">
    <p class='ocr_par' dir='ltr' id='par_1_3' title="bbox 172 614 637 670">
     <span class='ocr_line' id='line_1_9' title="bbox 172 614 637 670; baseline 0.006 -17"><span class='ocrx_word' id='word_1_68' title='bbox 172 621 216 653; x_wconf 90' lang='lat' dir='ltr'>et</span> <span class='ocrx_word' id='word_1_69' title='bbox 238 628 350 655; x_wconf 88' lang='lat' dir='ltr'>anno</span> <span class='ocrx_word' id='word_1_70' title='bbox 371 614 637 670; x_wconf 87' lang='lat' dir='ltr'>supradictis.</span> 
     </span>
    </p>
   </div>
   <div class='ocr_carea' id='block_1_4' title="bbox 280 891 1582 1095">
    <p class='ocr_par' dir='ltr' id='par_1_4' title="bbox 280 891 1582 1095">
     <span class='ocr_line' id='line_1_10' title="bbox 288 891 1580 921; baseline 0.002 -2"><span class='ocrx_word' id='word_1_71' title='bbox 288 892 468 921; x_wconf 81' lang='lat' dir='ltr'>CCXXVI.</span> <span class='ocrx_word' id='word_1_72' title='bbox 522 891 745 919; x_wconf 88' lang='lat' dir='ltr'>POTESTAS</span> <span class='ocrx_word' id='word_1_73' title='bbox 798 893 1005 920; x_wconf 83' lang='lat' dir='ltr'>COLLATA</span> <span class='ocrx_word' id='word_1_74' title='bbox 1058 892 1222 919; x_wconf 77' lang='lat' dir='ltr'>PRIORI</span> <span class='ocrx_word' id='word_1_75' title='bbox 1276 893 1580 921; x_wconf 86' lang='lat' dir='ltr'>DUNELMENSI</span> 
     </span>
     <span class='ocr_line' id='line_1_11' title="bbox 285 950 1582 979; baseline 0.001 -2"><span class='ocrx_word' id='word_1_76' title='bbox 285 950 342 977; x_wconf 89' lang='lat' dir='ltr'>ET</span> <span class='ocrx_word' id='word_1_77' title='bbox 389 950 749 977; x_wconf 86' lang='lat' dir='ltr'>SUCCESSORIBUS</span> <span class='ocrx_word' id='word_1_78' title='bbox 786 951 881 978; x_wconf 85' lang='lat' dir='ltr'>SUIS</span> <span class='ocrx_word' id='word_1_79' title='bbox 929 952 987 978; x_wconf 85' lang='lat' dir='ltr'>AD</span> <span class='ocrx_word' id='word_1_80' title='bbox 1035 950 1375 977; x_wconf 88' lang='lat' dir='ltr'>ABSOLVENDUM</span> <span class='ocrx_word' id='word_1_81' title='bbox 1429 952 1582 979; x_wconf 84' lang='lat' dir='ltr'>OMNES</span> 
     </span>
     <span class='ocr_line' id='line_1_12' title="bbox 286 1008 1582 1037; baseline 0.002 -3"><span class='ocrx_word' id='word_1_82' title='bbox 286 1008 711 1035; x_wconf 82' lang='lat' dir='ltr'>ExcoMMUNICATOS</span> <span class='ocrx_word' id='word_1_83' title='bbox 741 1010 768 1035; x_wconf 93' lang='lat' dir='ltr'>A</span> <span class='ocrx_word' id='word_1_84' title='bbox 790 1009 1049 1036; x_wconf 86' lang='lat' dir='ltr'>SENTENCIA.</span> <span class='ocrx_word' id='word_1_85' title='bbox 1081 1008 1582 1037; x_wconf 87' lang='lat' dir='ltr'>EXCOMMUNICACIONIS</span> 
     </span>
     <span class='ocr_line' id='line_1_13' title="bbox 280 1066 1581 1095; baseline 0.001 -2"><span class='ocrx_word' id='word_1_86' title='bbox 280 1066 638 1094; x_wconf 85' lang='lat' dir='ltr'>SUSPENTIONUM</span> <span class='ocrx_word' id='word_1_87' title='bbox 662 1067 717 1093; x_wconf 90' lang='lat' dir='ltr'>ET</span> <span class='ocrx_word' id='word_1_88' title='bbox 740 1067 949 1094; x_wconf 89' lang='lat' dir='ltr'><strong>ALIARUM</strong></span> <span class='ocrx_word' id='word_1_89' title='bbox 974 1066 1287 1094; x_wconf 83' lang='lat' dir='ltr'>CENSURARUM</span> <span class='ocrx_word' id='word_1_90' title='bbox 1310 1069 1336 1094; x_wconf 86' lang='lat' dir='ltr'>A</span> <span class='ocrx_word' id='word_1_91' title='bbox 1360 1068 1479 1095; x_wconf 80' lang='lat' dir='ltr'>JURE</span> <span class='ocrx_word' id='word_1_92' title='bbox 1496 1068 1581 1095; x_wconf 80' lang='lat' dir='ltr'>VEL</span> 
     </span>
    </p>
   </div>
   <div class='ocr_carea' id='block_1_5' title="bbox 282 1124 858 1155">
    <p class='ocr_par' dir='ltr' id='par_1_5' title="bbox 282 1124 858 1155">
     <span class='ocr_line' id='line_1_14' title="bbox 282 1124 858 1155; baseline 0.005 -4"><span class='ocrx_word' id='word_1_93' title='bbox 282 1125 338 1151; x_wconf 80' lang='lat' dir='ltr'>AB</span> <span class='ocrx_word' id='word_1_94' title='bbox 364 1125 550 1152; x_wconf 88' lang='lat' dir='ltr'><strong>HOMINE</strong></span> <span class='ocrx_word' id='word_1_95' title='bbox 575 1124 858 1155; x_wconf 76' lang='lat' dir='ltr'><strong>ILLATARUM.</strong></span> 
     </span>
    </p>
   </div>
   <div class='ocr_carea' id='block_1_6' title="bbox 732 1217 1126 1262">
    <p class='ocr_par' dir='ltr' id='par_1_6' title="bbox 732 1217 1126 1262">
     <span class='ocr_line' id='line_1_15' title="bbox 732 1217 1126 1262; baseline -0.005 -10"><span class='ocrx_word' id='word_1_96' title='bbox 732 1218 844 1259; x_wconf 88' lang='lat' dir='ltr'>[Cart.</span> <span class='ocrx_word' id='word_1_97' title='bbox 861 1218 936 1251; x_wconf 90' lang='lat' dir='ltr'>III.</span> <span class='ocrx_word' id='word_1_98' title='bbox 955 1217 978 1250; x_wconf 87' lang='lat' dir='ltr'>f.</span> <span class='ocrx_word' id='word_1_99' title='bbox 999 1219 1061 1250; x_wconf 86' lang='lat'>195</span> <span class='ocrx_word' id='word_1_100' title='bbox 1079 1219 1126 1262; x_wconf 92' lang='lat' dir='ltr'>b.]</span> 
     </span>
    </p>
   </div>
   <div class='ocr_carea' id='block_1_7' title="bbox 146 1312 1693 2817">
    <p class='ocr_par' dir='ltr' id='par_1_7' title="bbox 146 1312 1693 2817">
     <span class='ocr_line' id='line_1_16' title="bbox 223 1312 1692 1372; baseline -0.001 -14"><span class='ocrx_word' id='word_1_101' title='bbox 223 1317 440 1372; x_wconf 85' lang='lat' dir='ltr'>Eugenius</span> <span class='ocrx_word' id='word_1_102' title='bbox 464 1315 711 1371; x_wconf 79' lang='lat' dir='ltr'>Episcopus,</span> <span class='ocrx_word' id='word_1_103' title='bbox 735 1329 878 1356; x_wconf 88' lang='lat' dir='ltr'>servus</span> <span class='ocrx_word' id='word_1_104' title='bbox 900 1329 1115 1355; x_wconf 87' lang='lat' dir='ltr'>servorum</span> <span class='ocrx_word' id='word_1_105' title='bbox 1141 1312 1241 1364; x_wconf 82' lang='lat' dir='ltr'>Dei,</span> <span class='ocrx_word' id='word_1_106' title='bbox 1265 1313 1421 1354; x_wconf 88' lang='lat' dir='ltr'>dilecto</span> <span class='ocrx_word' id='word_1_107' title='bbox 1444 1313 1531 1355; x_wconf 83' lang='lat' dir='ltr'>filio</span> <span class='ocrx_word' id='word_1_108' title='bbox 1556 1314 1692 1356; x_wconf 89' lang='lat' dir='ltr'>Priori</span> 
     </span>
     <span class='ocr_line' id='line_1_17' title="bbox 160 1372 1692 1420; baseline -0.003 -2"><span class='ocrx_word' id='word_1_109' title='bbox 160 1385 203 1418; x_wconf 88' lang='lat' dir='ltr'>et</span> <span class='ocrx_word' id='word_1_110' title='bbox 239 1375 481 1418; x_wconf 88' lang='lat' dir='ltr'>Conventui</span> <span class='ocrx_word' id='word_1_111' title='bbox 517 1374 705 1415; x_wconf 87' lang='lat' dir='ltr'>ecclesiae</span> <span class='ocrx_word' id='word_1_112' title='bbox 748 1372 1066 1420; x_wconf 79' lang='lat' dir='ltr'>Dunelmensis,</span> <span class='ocrx_word' id='word_1_113' title='bbox 1102 1372 1259 1413; x_wconf 87' lang='lat' dir='ltr'>ordinis</span> <span class='ocrx_word' id='word_1_114' title='bbox 1296 1373 1429 1413; x_wconf 89' lang='lat' dir='ltr'>sancti</span> <span class='ocrx_word' id='word_1_115' title='bbox 1469 1373 1692 1415; x_wconf 77' lang='lat' dir='ltr'>Benedicti</span> 
     </span>
     <span class='ocr_line' id='line_1_18' title="bbox 159 1430 1693 1490; baseline -0.002 -14"><span class='ocrx_word' id='word_1_116' title='bbox 159 1433 524 1490; x_wconf 81' lang='lat' dir='ltr'>impresentiarum</span> <span class='ocrx_word' id='word_1_117' title='bbox 569 1431 865 1482; x_wconf 82' lang='lat' dir='ltr'>existentibus,</span> <span class='ocrx_word' id='word_1_118' title='bbox 899 1431 1075 1472; x_wconf 89' lang='lat' dir='ltr'>salutem</span> <span class='ocrx_word' id='word_1_119' title='bbox 1111 1439 1152 1472; x_wconf 88' lang='lat' dir='ltr'>et</span> <span class='ocrx_word' id='word_1_120' title='bbox 1186 1430 1458 1485; x_wconf 86' lang='lat' dir='ltr'>apostolicam</span> <span class='ocrx_word' id='word_1_121' title='bbox 1492 1431 1693 1473; x_wconf 88' lang='lat' dir='ltr'>benedic-</span> 
     </span>
     <span class='ocr_line' id='line_1_19' title="bbox 158 1488 1689 1547; baseline -0.002 -13"><span class='ocrx_word' id='word_1_122' title='bbox 158 1494 342 1534; x_wconf 86' lang='lat' dir='ltr'>cionem.</span> <span class='ocrx_word' id='word_1_123' title='bbox 399 1492 643 1547; x_wconf 90' lang='lat' dir='ltr'>Injunctum</span> <span class='ocrx_word' id='word_1_124' title='bbox 660 1489 778 1531; x_wconf 90' lang='lat' dir='ltr'>nobis</span> <span class='ocrx_word' id='word_1_125' title='bbox 798 1489 981 1544; x_wconf 88' lang='lat' dir='ltr'>desuper</span> <span class='ocrx_word' id='word_1_126' title='bbox 1002 1488 1247 1543; x_wconf 85' lang='lat' dir='ltr'>apostolicae</span> <span class='ocrx_word' id='word_1_127' title='bbox 1269 1488 1483 1529; x_wconf 82' lang='lat' dir='ltr'>servitutis</span> <span class='ocrx_word' id='word_1_128' title='bbox 1506 1489 1689 1531; x_wconf 87' lang='lat' dir='ltr'>officium</span> 
     </span>
     <span class='ocr_line' id='line_1_20' title="bbox 158 1547 1690 1603; baseline -0.002 -11"><span class='ocrx_word' id='word_1_129' title='bbox 158 1561 262 1592; x_wconf 87' lang='lat' dir='ltr'>tunc</span> <span class='ocrx_word' id='word_1_130' title='bbox 299 1551 475 1592; x_wconf 88' lang='lat' dir='ltr'>solerter</span> <span class='ocrx_word' id='word_1_131' title='bbox 507 1558 551 1590; x_wconf 83' lang='lat' dir='ltr'>et</span> <span class='ocrx_word' id='word_1_132' title='bbox 588 1548 811 1590; x_wconf 88' lang='lat' dir='ltr'>efficaciter</span> <span class='ocrx_word' id='word_1_133' title='bbox 846 1547 1140 1602; x_wconf 82' lang='lat' dir='ltr'>adimplemuS,</span> <span class='ocrx_word' id='word_1_134' title='bbox 1179 1562 1274 1588; x_wconf 89' lang='lat' dir='ltr'>cum</span> <span class='ocrx_word' id='word_1_135' title='bbox 1313 1562 1363 1587; x_wconf 88' lang='lat' dir='ltr'>ea</span> <span class='ocrx_word' id='word_1_136' title='bbox 1397 1562 1494 1603; x_wconf 84' lang='lat' dir='ltr'>quae</span> <span class='ocrx_word' id='word_1_137' title='bbox 1533 1548 1690 1589; x_wconf 90' lang='lat' dir='ltr'>Christi</span> 
     </span>
     <span class='ocr_line' id='line_1_21' title="bbox 158 1604 1690 1660; baseline -0.003 -9"><span class='ocrx_word' id='word_1_138' title='bbox 158 1609 350 1651; x_wconf 88' lang='lat' dir='ltr'>fidelium</span> <span class='ocrx_word' id='word_1_139' title='bbox 387 1608 621 1650; x_wconf 88' lang='lat' dir='ltr'>animarum</span> <span class='ocrx_word' id='word_1_140' title='bbox 655 1607 834 1648; x_wconf 88' lang='lat' dir='ltr'>salutem</span> <span class='ocrx_word' id='word_1_141' title='bbox 871 1615 914 1646; x_wconf 92' lang='lat' dir='ltr'>et</span> <span class='ocrx_word' id='word_1_142' title='bbox 948 1605 1132 1660; x_wconf 87' lang='lat' dir='ltr'>ipsorum</span> <span class='ocrx_word' id='word_1_143' title='bbox 1167 1604 1518 1646; x_wconf 84' lang='lat' dir='ltr'>conscientiarum</span> <span class='ocrx_word' id='word_1_144' title='bbox 1541 1620 1690 1660; x_wconf 83' lang='lat' dir='ltr'>pacem</span> 
     </span>
     <span class='ocr_line' id='line_1_22' title="bbox 157 1663 1690 1722; baseline -0.001 -14"><span class='ocrx_word' id='word_1_145' title='bbox 157 1667 400 1722; x_wconf 87' lang='lat' dir='ltr'>respiciunt,</span> <span class='ocrx_word' id='word_1_146' title='bbox 433 1680 734 1721; x_wconf 87' lang='lat' dir='ltr'>procuramus;</span> <span class='ocrx_word' id='word_1_147' title='bbox 775 1664 961 1705; x_wconf 83' lang='lat' dir='ltr'>maxime</span> <span class='ocrx_word' id='word_1_148' title='bbox 998 1663 1180 1714; x_wconf 86' lang='lat' dir='ltr'>illorum,</span> <span class='ocrx_word' id='word_1_149' title='bbox 1204 1663 1275 1718; x_wconf 90' lang='lat' dir='ltr'>qui</span> <span class='ocrx_word' id='word_1_150' title='bbox 1311 1663 1389 1704; x_wconf 87' lang='lat' dir='ltr'>sub</span> <span class='ocrx_word' id='word_1_151' title='bbox 1421 1664 1690 1707; x_wconf 81' lang='lat' dir='ltr'>observantia</span> 
     </span>
     <span class='ocr_line' id='line_1_23' title="bbox 155 1721 1689 1784; baseline -0.001 -17"><span class='ocrx_word' id='word_1_152' title='bbox 155 1725 341 1784; x_wconf 84' lang='lat' dir='ltr'>regulari</span> <span class='ocrx_word' id='word_1_153' title='bbox 376 1725 638 1766; x_wconf 83' lang='lat' dir='ltr'>famulantur</span> <span class='ocrx_word' id='word_1_154' title='bbox 671 1722 915 1770; x_wconf 82' lang='lat' dir='ltr'>Altissim03</span> <span class='ocrx_word' id='word_1_155' title='bbox 948 1730 996 1763; x_wconf 89' lang='lat' dir='ltr'>ut</span> <span class='ocrx_word' id='word_1_156' title='bbox 1027 1721 1083 1763; x_wconf 93' lang='lat' dir='ltr'>eis</span> <span class='ocrx_word' id='word_1_157' title='bbox 1106 1731 1149 1762; x_wconf 86' lang='lat' dir='ltr'>et</span> <span class='ocrx_word' id='word_1_158' title='bbox 1169 1721 1374 1778; x_wconf 88' lang='lat' dir='ltr'>quietudo</span> <span class='ocrx_word' id='word_1_159' title='bbox 1397 1721 1547 1763; x_wconf 85' lang='lat' dir='ltr'>mentis</span> <span class='ocrx_word' id='word_1_160' title='bbox 1570 1737 1689 1765; x_wconf 89' lang='lat' dir='ltr'>acce-</span> 
     </span>
     <span class='ocr_line' id='line_1_24' title="bbox 155 1779 1687 1837; baseline -0.001 -12"><span class='ocrx_word' id='word_1_161' title='bbox 155 1785 244 1829; x_wconf 77' lang='lat' dir='ltr'>dat,</span> <span class='ocrx_word' id='word_1_162' title='bbox 262 1792 304 1825; x_wconf 89' lang='lat' dir='ltr'>et</span> <span class='ocrx_word' id='word_1_163' title='bbox 318 1783 453 1825; x_wconf 91' lang='lat' dir='ltr'>omnis</span> <span class='ocrx_word' id='word_1_164' title='bbox 468 1792 541 1824; x_wconf 89' lang='lat' dir='ltr'>aut</span> <span class='ocrx_word' id='word_1_165' title='bbox 556 1780 854 1837; x_wconf 86' lang='lat' dir='ltr'>disperacionis</span> <span class='ocrx_word' id='word_1_166' title='bbox 870 1789 942 1821; x_wconf 88' lang='lat' dir='ltr'>aut</span> <span class='ocrx_word' id='word_1_167' title='bbox 956 1779 1223 1836; x_wconf 87' lang='lat' dir='ltr'>evagacionis</span> <span class='ocrx_word' id='word_1_168' title='bbox 1237 1779 1388 1821; x_wconf 86' lang='lat' dir='ltr'>semita</span> <span class='ocrx_word' id='word_1_169' title='bbox 1403 1780 1687 1834; x_wconf 85' lang='lat' dir='ltr'>precludatur.</span> 
     </span>
     <span class='ocr_line' id='line_1_25' title="bbox 159 1837 1687 1897; baseline -0.002 -14"><span class='ocrx_word' id='word_1_170' title='bbox 159 1843 275 1884; x_wconf 82' lang='lat' dir='ltr'>Hinc</span> <span class='ocrx_word' id='word_1_171' title='bbox 297 1850 361 1883; x_wconf 89' lang='lat' dir='ltr'>est</span> <span class='ocrx_word' id='word_1_172' title='bbox 383 1841 497 1897; x_wconf 88' lang='lat' dir='ltr'>quod</span> <span class='ocrx_word' id='word_1_173' title='bbox 520 1855 607 1890; x_wconf 88' lang='lat' dir='ltr'>nos,</span> <span class='ocrx_word' id='word_1_174' title='bbox 631 1839 778 1880; x_wconf 87' lang='lat' dir='ltr'>vestris</span> <span class='ocrx_word' id='word_1_175' title='bbox 812 1837 978 1879; x_wconf 86' lang='lat' dir='ltr'>devotis</span> <span class='ocrx_word' id='word_1_176' title='bbox 1009 1838 1047 1877; x_wconf 89' lang='lat' dir='ltr'>in</span> <span class='ocrx_word' id='word_1_177' title='bbox 1070 1838 1148 1878; x_wconf 89' lang='lat' dir='ltr'>hac</span> <span class='ocrx_word' id='word_1_178' title='bbox 1170 1847 1288 1892; x_wconf 88' lang='lat' dir='ltr'>parte</span> <span class='ocrx_word' id='word_1_179' title='bbox 1309 1837 1687 1892; x_wconf 86' lang='lat' dir='ltr'>supplicacionibus</span> 
     </span>
     <span class='ocr_line' id='line_1_26' title="bbox 155 1895 1688 1949; baseline -0.002 -8"><span class='ocrx_word' id='word_1_180' title='bbox 155 1899 357 1949; x_wconf 86' lang='lat' dir='ltr'>inclinati,</span> <span class='ocrx_word' id='word_1_181' title='bbox 397 1899 487 1949; x_wconf 88' lang='lat' dir='ltr'>tibi,</span> <span class='ocrx_word' id='word_1_182' title='bbox 526 1898 586 1938; x_wconf 85' lang='lat' dir='ltr'>fili</span> <span class='ocrx_word' id='word_1_183' title='bbox 623 1897 757 1946; x_wconf 86' lang='lat' dir='ltr'>Prior,</span> <span class='ocrx_word' id='word_1_184' title='bbox 794 1896 862 1937; x_wconf 89' lang='lat' dir='ltr'>vel</span> <span class='ocrx_word' id='word_1_185' title='bbox 898 1895 1207 1936; x_wconf 88' lang='lat' dir='ltr'>successoribus</span> <span class='ocrx_word' id='word_1_186' title='bbox 1233 1897 1328 1945; x_wconf 79' lang='lat' dir='ltr'>tuis,</span> <span class='ocrx_word' id='word_1_187' title='bbox 1352 1905 1398 1936; x_wconf 88' lang='lat' dir='ltr'>ut</span> <span class='ocrx_word' id='word_1_188' title='bbox 1419 1895 1607 1937; x_wconf 90' lang='lat' dir='ltr'>omnium</span> <span class='ocrx_word' id='word_1_189' title='bbox 1644 1907 1688 1940; x_wconf 87' lang='lat' dir='ltr'>et</span> 
     </span>
     <span class='ocr_line' id='line_1_27' title="bbox 152 1953 1686 2014; baseline -0.002 -15"><span class='ocrx_word' id='word_1_190' title='bbox 152 1957 418 2014; x_wconf 87' lang='lat' dir='ltr'>singulorum</span> <span class='ocrx_word' id='word_1_191' title='bbox 456 1955 759 1996; x_wconf 88' lang='lat' dir='ltr'>monachorum</span> <span class='ocrx_word' id='word_1_192' title='bbox 781 1963 821 1994; x_wconf 91' lang='lat' dir='ltr'>et</span> <span class='ocrx_word' id='word_1_193' title='bbox 844 1968 1141 1994; x_wconf 85' lang='lat' dir='ltr'>conversorum</span> <span class='ocrx_word' id='word_1_194' title='bbox 1172 1954 1361 2009; x_wconf 83' lang='lat' dir='ltr'>ejusdem</span> <span class='ocrx_word' id='word_1_195' title='bbox 1384 1953 1589 2004; x_wconf 75' lang='lat' dir='ltr'>ecclesiae,</span> <span class='ocrx_word' id='word_1_196' title='bbox 1614 1956 1686 2011; x_wconf 90' lang='lat' dir='ltr'>qui</span> 
     </span>
     <span class='ocr_line' id='line_1_28' title="bbox 153 2011 1685 2067; baseline -0.003 -10"><span class='ocrx_word' id='word_1_197' title='bbox 153 2016 316 2058; x_wconf 85' lang='lat' dir='ltr'>(lictum</span> <span class='ocrx_word' id='word_1_198' title='bbox 348 2014 536 2055; x_wconf 92' lang='lat' dir='ltr'>ordinem</span> <span class='ocrx_word' id='word_1_199' title='bbox 559 2012 735 2067; x_wconf 85' lang='lat' dir='ltr'>professi</span> <span class='ocrx_word' id='word_1_200' title='bbox 767 2020 878 2061; x_wconf 85' lang='lat' dir='ltr'>sunt,</span> <span class='ocrx_word' id='word_1_201' title='bbox 904 2020 945 2052; x_wconf 91' lang='lat' dir='ltr'>et</span> <span class='ocrx_word' id='word_1_202' title='bbox 968 2011 1009 2051; x_wconf 88' lang='lat' dir='ltr'>in</span> <span class='ocrx_word' id='word_1_203' title='bbox 1033 2011 1182 2052; x_wconf 87' lang='lat' dir='ltr'>eadem</span> <span class='ocrx_word' id='word_1_204' title='bbox 1204 2011 1379 2052; x_wconf 89' lang='lat' dir='ltr'>ecclesia</span> <span class='ocrx_word' id='word_1_205' title='bbox 1399 2012 1465 2052; x_wconf 91' lang='lat' dir='ltr'>vel</span> <span class='ocrx_word' id='word_1_206' title='bbox 1489 2013 1685 2054; x_wconf 87' lang='lat' dir='ltr'>membris</span> 
     </span>
     <span class='ocr_line' id='line_1_29' title="bbox 154 2068 1685 2130; baseline -0.001 -15"><span class='ocrx_word' id='word_1_207' title='bbox 154 2076 243 2130; x_wconf 87' lang='lat' dir='ltr'>ejus</span> <span class='ocrx_word' id='word_1_208' title='bbox 291 2071 653 2127; x_wconf 85' lang='lat' dir='ltr'>impresentiarum</span> <span class='ocrx_word' id='word_1_209' title='bbox 704 2078 1035 2119; x_wconf 82' lang='lat' dir='ltr'>commorantur,</span> <span class='ocrx_word' id='word_1_210' title='bbox 1078 2068 1412 2110; x_wconf 86' lang='lat' dir='ltr'>confessionibus</span> <span class='ocrx_word' id='word_1_211' title='bbox 1456 2069 1685 2124; x_wconf 89' lang='lat' dir='ltr'>diligenter</span> 
     </span>
     <span class='ocr_line' id='line_1_30' title="bbox 154 2127 1682 2183; baseline -0.001 -10"><span class='ocrx_word' id='word_1_212' title='bbox 154 2131 323 2181; x_wconf 85' lang='lat' dir='ltr'>auditis,</span> <span class='ocrx_word' id='word_1_213' title='bbox 348 2130 481 2171; x_wconf 90' lang='lat' dir='ltr'>eciam</span> <span class='ocrx_word' id='word_1_214' title='bbox 518 2129 559 2169; x_wconf 90' lang='lat' dir='ltr'>in</span> <span class='ocrx_word' id='word_1_215' title='bbox 593 2129 758 2169; x_wconf 87' lang='lat' dir='ltr'>casibus</span> <span class='ocrx_word' id='word_1_216' title='bbox 793 2136 969 2182; x_wconf 87' lang='lat' dir='ltr'>propter</span> <span class='ocrx_word' id='word_1_217' title='bbox 1001 2142 1097 2183; x_wconf 84' lang='lat' dir='ltr'>quae</span> <span class='ocrx_word' id='word_1_218' title='bbox 1134 2127 1266 2168; x_wconf 87' lang='lat' dir='ltr'>Sedes</span> <span class='ocrx_word' id='word_1_219' title='bbox 1290 2127 1540 2182; x_wconf 83' lang='lat' dir='ltr'>Apostolica</span> <span class='ocrx_word' id='word_1_220' title='bbox 1571 2139 1682 2171; x_wconf 83' lang='lat' dir='ltr'>esset</span> 
     </span>
     <span class='ocr_line' id='line_1_31' title="bbox 152 2185 1680 2241; baseline -0.001 -10"><span class='ocrx_word' id='word_1_221' title='bbox 152 2189 306 2231; x_wconf 87' lang='lat' dir='ltr'>merito</span> <span class='ocrx_word' id='word_1_222' title='bbox 342 2187 612 2237; x_wconf 86' lang='lat' dir='ltr'>consulenda,</span> <span class='ocrx_word' id='word_1_223' title='bbox 647 2201 724 2241; x_wconf 88' lang='lat' dir='ltr'>pro</span> <span class='ocrx_word' id='word_1_224' title='bbox 761 2185 990 2227; x_wconf 84' lang='lat' dir='ltr'>commissis</span> <span class='ocrx_word' id='word_1_225' title='bbox 1021 2200 1098 2240; x_wconf 89' lang='lat' dir='ltr'>per</span> <span class='ocrx_word' id='word_1_226' title='bbox 1119 2200 1191 2226; x_wconf 90' lang='lat' dir='ltr'>eos</span> <span class='ocrx_word' id='word_1_227' title='bbox 1214 2201 1345 2240; x_wconf 84' lang='lat' dir='ltr'>usque</span> <span class='ocrx_word' id='word_1_228' title='bbox 1367 2187 1409 2225; x_wconf 90' lang='lat' dir='ltr'>in</span> <span class='ocrx_word' id='word_1_229' title='bbox 1432 2196 1680 2240; x_wconf 83' lang='lat' dir='ltr'>praesentem</span> 
     </span>
     <span class='ocr_line' id='line_1_32' title="bbox 152 2243 1682 2299; baseline -0.001 -10"><span class='ocrx_word' id='word_1_230' title='bbox 152 2248 265 2289; x_wconf 90' lang='lat' dir='ltr'>diem</span> <span class='ocrx_word' id='word_1_231' title='bbox 285 2246 536 2295; x_wconf 84' lang='lat' dir='ltr'>excessibus,</span> <span class='ocrx_word' id='word_1_232' title='bbox 553 2245 809 2294; x_wconf 86' lang='lat' dir='ltr'>criminibus,</span> <span class='ocrx_word' id='word_1_233' title='bbox 826 2255 869 2285; x_wconf 91' lang='lat' dir='ltr'>et</span> <span class='ocrx_word' id='word_1_234' title='bbox 891 2244 1090 2298; x_wconf 80' lang='lat' dir='ltr'>peccatiS,</span> <span class='ocrx_word' id='word_1_235' title='bbox 1114 2243 1301 2284; x_wconf 89' lang='lat' dir='ltr'>debitam</span> <span class='ocrx_word' id='word_1_236' title='bbox 1319 2243 1416 2298; x_wconf 86' lang='lat' dir='ltr'>ipsis</span> <span class='ocrx_word' id='word_1_237' title='bbox 1432 2253 1473 2284; x_wconf 92' lang='lat' dir='ltr'>et</span> <span class='ocrx_word' id='word_1_238' title='bbox 1494 2243 1682 2299; x_wconf 86' lang='lat' dir='ltr'>ipsorum</span> 
     </span>
     <span class='ocr_line' id='line_1_33' title="bbox 152 2301 1680 2357; baseline -0.002 -10"><span class='ocrx_word' id='word_1_239' title='bbox 152 2306 325 2348; x_wconf 87' lang='lat' dir='ltr'>cuilibet</span> <span class='ocrx_word' id='word_1_240' title='bbox 355 2304 670 2346; x_wconf 87' lang='lat' dir='ltr'>absolucionem</span> <span class='ocrx_word' id='word_1_241' title='bbox 702 2301 952 2344; x_wconf 87' lang='lat' dir='ltr'>auctoritate</span> <span class='ocrx_word' id='word_1_242' title='bbox 974 2311 1116 2343; x_wconf 86' lang='lat' dir='ltr'>nostra</span> <span class='ocrx_word' id='word_1_243' title='bbox 1136 2301 1265 2343; x_wconf 88' lang='lat' dir='ltr'>semel</span> <span class='ocrx_word' id='word_1_244' title='bbox 1287 2302 1495 2342; x_wconf 86' lang='lat' dir='ltr'>duntaxat</span> <span class='ocrx_word' id='word_1_245' title='bbox 1519 2302 1680 2357; x_wconf 86' lang='lat' dir='ltr'>impen-</span> 
     </span>
     <span class='ocr_line' id='line_1_34' title="bbox 153 2359 1679 2419; baseline -0.001 -14"><span class='ocrx_word' id='word_1_246' title='bbox 153 2365 267 2415; x_wconf 89' lang='lat' dir='ltr'>dere,</span> <span class='ocrx_word' id='word_1_247' title='bbox 301 2372 342 2405; x_wconf 93' lang='lat' dir='ltr'>et</span> <span class='ocrx_word' id='word_1_248' title='bbox 374 2363 595 2419; x_wconf 81' lang='lat' dir='ltr'>injungere</span> <span class='ocrx_word' id='word_1_249' title='bbox 627 2361 925 2416; x_wconf 83' lang='lat' dir='ltr'>poenitenciam</span> <span class='ocrx_word' id='word_1_250' title='bbox 948 2359 1186 2410; x_wconf 88' lang='lat' dir='ltr'>salutarem,</span> <span class='ocrx_word' id='word_1_251' title='bbox 1211 2374 1377 2401; x_wconf 89' lang='lat' dir='ltr'>necnon</span> <span class='ocrx_word' id='word_1_252' title='bbox 1410 2360 1462 2400; x_wconf 89' lang='lat' dir='ltr'>ab</span> <span class='ocrx_word' id='word_1_253' title='bbox 1485 2362 1679 2403; x_wconf 89' lang='lat' dir='ltr'>omnibus</span> 
     </span>
     <span class='ocr_line' id='line_1_35' title="bbox 150 2417 1678 2477; baseline -0.003 -13"><span class='ocrx_word' id='word_1_254' title='bbox 150 2432 193 2464; x_wconf 87' lang='lat' dir='ltr'>et</span> <span class='ocrx_word' id='word_1_255' title='bbox 216 2421 389 2477; x_wconf 87' lang='lat' dir='ltr'>singulis</span> <span class='ocrx_word' id='word_1_256' title='bbox 411 2419 913 2468; x_wconf 77' lang='lat' dir='ltr'>excommunicationum,</span> <span class='ocrx_word' id='word_1_257' title='bbox 936 2417 1274 2473; x_wconf 88' lang='lat' dir='ltr'>suspensionum,</span> <span class='ocrx_word' id='word_1_258' title='bbox 1291 2427 1334 2458; x_wconf 87' lang='lat' dir='ltr'>et</span> <span class='ocrx_word' id='word_1_259' title='bbox 1357 2417 1569 2458; x_wconf 86' lang='lat' dir='ltr'>interdicti</span> <span class='ocrx_word' id='word_1_260' title='bbox 1584 2434 1678 2460; x_wconf 90' lang='lat' dir='ltr'>sen-</span> 
     </span>
     <span class='ocr_line' id='line_1_36' title="bbox 152 2475 1678 2532; baseline -0.003 -9"><span class='ocrx_word' id='word_1_261' title='bbox 152 2482 315 2531; x_wconf 85' lang='lat' dir='ltr'>tenciis,</span> <span class='ocrx_word' id='word_1_262' title='bbox 350 2478 549 2528; x_wconf 87' lang='lat' dir='ltr'>censuris,</span> <span class='ocrx_word' id='word_1_263' title='bbox 583 2487 623 2520; x_wconf 90' lang='lat' dir='ltr'>et</span> <span class='ocrx_word' id='word_1_264' title='bbox 655 2477 804 2532; x_wconf 88' lang='lat' dir='ltr'>poenis,</span> <span class='ocrx_word' id='word_1_265' title='bbox 829 2492 854 2517; x_wconf 89' lang='lat' dir='ltr'>a</span> <span class='ocrx_word' id='word_1_266' title='bbox 878 2477 976 2530; x_wconf 82' lang='lat' dir='ltr'>jure</span> <span class='ocrx_word' id='word_1_267' title='bbox 1007 2476 1074 2517; x_wconf 89' lang='lat' dir='ltr'>vel</span> <span class='ocrx_word' id='word_1_268' title='bbox 1096 2477 1149 2516; x_wconf 87' lang='lat' dir='ltr'>ab</span> <span class='ocrx_word' id='word_1_269' title='bbox 1172 2476 1354 2524; x_wconf 88' lang='lat' dir='ltr'>homine,</span> <span class='ocrx_word' id='word_1_270' title='bbox 1379 2475 1526 2531; x_wconf 87' lang='lat' dir='ltr'>quavis</span> <span class='ocrx_word' id='word_1_271' title='bbox 1557 2492 1678 2518; x_wconf 88' lang='lat' dir='ltr'>occa-</span> 
     </span>
     <span class='ocr_line' id='line_1_37' title="bbox 146 2533 1678 2591; baseline -0.003 -12"><span class='ocrx_word' id='word_1_272' title='bbox 146 2540 265 2580; x_wconf 85' lang='lat' dir='ltr'>sione</span> <span class='ocrx_word' id='word_1_273' title='bbox 297 2538 363 2579; x_wconf 90' lang='lat' dir='ltr'>vel</span> <span class='ocrx_word' id='word_1_274' title='bbox 395 2552 521 2578; x_wconf 89' lang='lat' dir='ltr'>causa</span> <span class='ocrx_word' id='word_1_275' title='bbox 551 2536 682 2577; x_wconf 84' lang='lat' dir='ltr'>eciam</span> <span class='ocrx_word' id='word_1_276' title='bbox 714 2534 950 2591; x_wconf 87' lang='lat' dir='ltr'>apostolica</span> <span class='ocrx_word' id='word_1_277' title='bbox 979 2534 1231 2575; x_wconf 85' lang='lat' dir='ltr'>auctoritate</span> <span class='ocrx_word' id='word_1_278' title='bbox 1254 2533 1362 2583; x_wconf 79' lang='lat' dir='ltr'>latis,</span> <span class='ocrx_word' id='word_1_279' title='bbox 1385 2533 1535 2589; x_wconf 91' lang='lat' dir='ltr'>quibus</span> <span class='ocrx_word' id='word_1_280' title='bbox 1557 2534 1678 2575; x_wconf 88' lang='lat' dir='ltr'>forsi-</span> 
     </span>
     <span class='ocr_line' id='line_1_38' title="bbox 150 2591 1676 2651; baseline -0.002 -14"><span class='ocrx_word' id='word_1_281' title='bbox 150 2607 222 2638; x_wconf 87' lang='lat' dir='ltr'>tan</span> <span class='ocrx_word' id='word_1_282' title='bbox 256 2595 332 2651; x_wconf 92' lang='lat' dir='ltr'>ipsi</span> <span class='ocrx_word' id='word_1_283' title='bbox 363 2594 546 2649; x_wconf 84' lang='lat' dir='ltr'>religiosi</span> <span class='ocrx_word' id='word_1_284' title='bbox 582 2593 737 2635; x_wconf 88' lang='lat' dir='ltr'>fuerint</span> <span class='ocrx_word' id='word_1_285' title='bbox 759 2592 924 2641; x_wconf 87' lang='lat' dir='ltr'>irretiti,</span> <span class='ocrx_word' id='word_1_286' title='bbox 947 2592 1096 2633; x_wconf 88' lang='lat' dir='ltr'>eadem</span> <span class='ocrx_word' id='word_1_287' title='bbox 1120 2591 1370 2633; x_wconf 85' lang='lat' dir='ltr'>auctoritate</span> <span class='ocrx_word' id='word_1_288' title='bbox 1392 2591 1582 2632; x_wconf 86' lang='lat' dir='ltr'>similiter</span> <span class='ocrx_word' id='word_1_289' title='bbox 1604 2593 1676 2634; x_wconf 87' lang='lat' dir='ltr'>ab·</span> 
     </span>
     <span class='ocr_line' id='line_1_39' title="bbox 147 2648 1674 2706; baseline -0.003 -11"><span class='ocrx_word' id='word_1_290' title='bbox 147 2655 324 2703; x_wconf 87' lang='lat' dir='ltr'>solvere,</span> <span class='ocrx_word' id='word_1_291' title='bbox 348 2668 396 2694; x_wconf 86' lang='lat' dir='ltr'>ac</span> <span class='ocrx_word' id='word_1_292' title='bbox 433 2668 526 2694; x_wconf 89' lang='lat' dir='ltr'>cum</span> <span class='ocrx_word' id='word_1_293' title='bbox 564 2653 621 2693; x_wconf 90' lang='lat' dir='ltr'>eis</span> <span class='ocrx_word' id='word_1_294' title='bbox 659 2661 701 2693; x_wconf 87' lang='lat' dir='ltr'>et</span> <span class='ocrx_word' id='word_1_295' title='bbox 736 2651 921 2705; x_wconf 88' lang='lat' dir='ltr'>ipsorum</span> <span class='ocrx_word' id='word_1_296' title='bbox 964 2649 1154 2706; x_wconf 88' lang='lat' dir='ltr'>quolibet</span> <span class='ocrx_word' id='word_1_297' title='bbox 1189 2664 1316 2704; x_wconf 89' lang='lat' dir='ltr'>super</span> <span class='ocrx_word' id='word_1_298' title='bbox 1351 2648 1674 2702; x_wconf 84' lang='lat' dir='ltr'>irregularitate,</span> 
     </span>
     <span class='ocr_line' id='line_1_40' title="bbox 147 2706 1676 2767; baseline -0.003 -15"><span class='ocrx_word' id='word_1_299' title='bbox 147 2713 179 2752; x_wconf 83' lang='lat' dir='ltr'>si</span> <span class='ocrx_word' id='word_1_300' title='bbox 198 2712 268 2767; x_wconf 89' lang='lat' dir='ltr'>qui</span> <span class='ocrx_word' id='word_1_301' title='bbox 290 2710 532 2766; x_wconf 88' lang='lat' dir='ltr'>hujusmodi</span> <span class='ocrx_word' id='word_1_302' title='bbox 555 2709 790 2758; x_wconf 79' lang='lat' dir='ltr'>sententiis,</span> <span class='ocrx_word' id='word_1_303' title='bbox 806 2708 1007 2757; x_wconf 86' lang='lat' dir='ltr'>censuris,</span> <span class='ocrx_word' id='word_1_304' title='bbox 1026 2708 1087 2748; x_wconf 85' lang='lat' dir='ltr'>vel</span> <span class='ocrx_word' id='word_1_305' title='bbox 1112 2722 1254 2748; x_wconf 87' lang='lat' dir='ltr'>earum</span> <span class='ocrx_word' id='word_1_306' title='bbox 1270 2706 1411 2762; x_wconf 83' lang='lat' dir='ltr'>aliqua</span> <span class='ocrx_word' id='word_1_307' title='bbox 1428 2707 1561 2761; x_wconf 77' lang='lat' dir='ltr'>ligati,</span> <span class='ocrx_word' id='word_1_308' title='bbox 1579 2709 1676 2748; x_wconf 88' lang='lat' dir='ltr'>mis-</span> 
     </span>
     <span class='ocr_line' id='line_1_41' title="bbox 146 2764 1675 2817; baseline -0.001 -9"><span class='ocrx_word' id='word_1_309' title='bbox 146 2784 211 2811; x_wconf 76' lang='lat' dir='ltr'>sas</span> <span class='ocrx_word' id='word_1_310' title='bbox 229 2778 269 2809; x_wconf 90' lang='lat' dir='ltr'>et</span> <span class='ocrx_word' id='word_1_311' title='bbox 291 2769 371 2810; x_wconf 83' lang='lat' dir='ltr'>alia</span> <span class='ocrx_word' id='word_1_312' title='bbox 388 2768 530 2810; x_wconf 75' lang='lat' dir='ltr'>divina</span> <span class='ocrx_word' id='word_1_313' title='bbox 553 2767 688 2808; x_wconf 82' lang='lat' dir='ltr'>officia</span> <span class='ocrx_word' id='word_1_314' title='bbox 705 2767 975 2817; x_wconf 78' lang='lat' dir='ltr'>celebrando,</span> <span class='ocrx_word' id='word_1_315' title='bbox 995 2774 1067 2806; x_wconf 86' lang='lat' dir='ltr'>aut</span> <span class='ocrx_word' id='word_1_316' title='bbox 1084 2764 1343 2806; x_wconf 77' lang='lat' dir='ltr'>immiscendo</span> <span class='ocrx_word' id='word_1_317' title='bbox 1361 2764 1459 2805; x_wconf 89' lang='lat' dir='ltr'>sein</span> <span class='ocrx_word' id='word_1_318' title='bbox 1480 2765 1572 2815; x_wconf 81' lang='lat' dir='ltr'>illis,</span> <span class='ocrx_word' id='word_1_319' title='bbox 1593 2780 1675 2806; x_wconf 88' lang='lat' dir='ltr'>non</span> 
     </span>
    </p>
   </div>
  </div>
 </body>
</html>
