1807 2962
674 83 946 114 API‘ENDIx.
1352 73 1598 120 ccccxxvii

71 190 139 231 (110
173 189 464 231 translacionis
487 189 692 244 ejusdem,
719 205 813 230 ossa
835 189 970 230 sancti
998 189 1164 238 Aidani,
1194 189 1388 241 Edberti,
1416 194 1596 249 ngridi,

70 248 341 298 Etlielwaldi,
386 248 697 303 episcoporum,
747 247 920 288 Balterii
952 257 994 288 et
1035 247 1211 288 Balfridi
1244 249 1600 297 anachoritarum.

72 307 238 360 Corpus
270 305 519 349 venerabilis
568 306 697 346 Bedae
731 306 961 360 presbytcri
997 315 1038 347 et
1069 305 1269 349 doctoris,
1334 307 1442 349 Ossa
1483 326 1601 353 sanc-

70 373 207 405 tarum
230 364 479 405 feminarum
504 364 638 404 Ebbae
656 371 699 404 et
722 363 910 417 Elfirgae.
956 363 1121 418 Corpus
1140 373 1182 405 et
1202 364 1453 408 vestimenta
1469 371 1601 411 sancti

70 421 233 472 Boisili,
268 424 339 478 qui
373 422 509 463 fuerat
542 422 742 476 magister
772 421 906 462 sancti
940 421 1183 465 Cuthberti.
1251 422 1360 464 Ossa
1392 429 1605 482 et·capilli

68 479 204 520 sancti
239 480 473 521 Edelwaldi
506 479 743 534 presbiteri,
798 479 869 535 qui
922 479 1122 520 successit
1153 489 1299 521 sancto
1345 481 1601 527 Cuthberto.

72 538 216 592 Caput
265 538 471 579 Ceowulfi
513 538 622 592 regis
667 546 710 577 et
750 546 900 591 postea
932 537 1127 578 monachi
1178 537 1220 577 in
1264 538 1605 585 Lindisfarnensi

69 595 261 636 ecelesia.
326 596 395 637 De
429 595 690 637 vestimentis
728 605 770 635 et
804 594 966 636 ossibus
1001 595 1134 636 saneti
1163 595 1380 648 Medardi,
1408 598 1598 652 Martini,

71 653 214 703 Bricii,
258 653 458 708 Remigii,
488 654 706 702 Germani,
734 652 876 708 Eligii.
940 653 1009 694 De
1032 653 1285 695 vestimento
1307 656 1440 697 sancti
1466 659 1604 701 Bene-

70 711 184 755 dicti.
232 711 343 752 Ossa
385 711 517 752 sancti
570 710 835 752 Contestoris
867 710 1066 765 episcopi.
1130 711 1248 753 Dens
1279 715 1412 755 sancti
1449 716 1605 773 Egidii.

70 768 141 810 De
173 768 336 810 ossibus
358 779 399 810 et
422 768 581 824 capillis
613 777 656 810 et
678 768 732 809 de
756 769 1017 810 vestimentis
1040 778 1285 811 sanctorum
1310 773 1601 817 consessorum

69 836 198 883 atque
229 828 478 881 pontificum
519 826 725 876 Silvestri,
764 827 937 877 Leonis,
972 827 1185 881 Gregorii.
1247 829 1318 871 De
1343 832 1603 876 vestimentis

69 895 113 925 et
145 885 306 926 ossibus
353 885 488 926 sancti
534 885 761 926 Ambrosii.
826 885 894 927 De
937 885 1196 927 vestimentis
1244 886 1359 942 Lupi
1400 890 1603 947 episcopi.

71 943 284 999 Reliquiae
305 945 438 984 sancti
462 943 649 985 Amandi
671 943 873 998 episcopi,
899 951 942 984 et
967 943 1128 984 Cesarii
1151 945 1353 1001 episcopi.
1389 947 1601 1006 Reliquiae

69 1011 226 1042 sanctae
263 1001 500 1042 Anastasiae
533 1011 576 1042 et
617 1013 774 1042 sanctae
828 1002 1012 1058 Agnetis
1043 1001 1252 1058 virginum
1288 1013 1331 1044 et
1365 1007 1600 1053 martirum.

68 1059 138 1100 De
162 1060 413 1101 vestimento
440 1059 636 1101 Cristinae
659 1059 844 1114 virginis.
911 1059 1122 1115 Reliquiae
1157 1061 1404 1104 Petronillae
1427 1065 1603 1120 virgInis

67 1127 110 1158 et
132 1126 291 1158 sanctae
326 1118 506 1171 Elfgivae
539 1117 722 1172 virginis.
790 1117 857 1157 De
889 1117 1005 1172 ligno
1039 1117 1216 1158 Domini
1250 1127 1333 1160 tres
1366 1125 1602 1176 particulae.

66 1175 139 1216 De
162 1175 322 1216 ossibus
344 1185 500 1217 sanctae
527 1176 701 1217 Ceeiliae
735 1175 919 1230 virginis,
941 1185 981 1217 et
1003 1185 1161 1217 sanctae
1189 1176 1391 1219 Barbarae
1414 1181 1599 1236 virginis,

69 1232 139 1274 De
169 1233 262 1274 velo
295 1243 452 1275 sanctae
488 1235 670 1289 Agathae
694 1233 880 1288 virginis.
944 1233 1052 1275 Ossa
1077 1234 1211 1288 Sergii
1232 1245 1273 1276 et
1302 1236 1434 1279 Bachi
1456 1240 1600 1281 marti-

67 1305 176 1332 rum.
238 1291 357 1332 Dens
411 1292 542 1332 sancti
598 1291 740 1333 Blasii.
814 1291 921 1333 Ossa
975 1292 1182 1333 Gereonis
1233 1294 1429 1337 martiris.
1492 1298 1602 1341 Ossa

67 1358 308 1391 sanctarum
340 1349 550 1405 virginum
585 1364 632 1390 xl
665 1349 841 1390 millium
886 1349 1093 1391 Coloniae.
1159 1351 1225 1392 De
1258 1352 1432 1394 brachio
1466 1358 1602 1398 sancti

73 1407 290 1462 Stephani.
356 1407 423 1448 De
445 1423 557 1463 genu
588 1408 721 1449 sancti
761 1408 896 1448 Pauli.
961 1408 1030 1449 De
1068 1408 1202 1450 latere
1235 1421 1391 1452 sanctae
1427 1413 1605 1468 Marga-

67 1475 186 1506 retae.
252 1466 319 1506 De
362 1466 566 1520 junctura
597 1481 747 1506 manus
799 1466 944 1507 Sancti
990 1466 1189 1507 Andreae.
1254 1468 1323 1509 De
1374 1472 1600 1525 sepulchro

66 1523 261 1567 Domini.
328 1524 396 1564 De
447 1524 649 1565 craticula
698 1524 830 1564 sancti
879 1524 1120 1565 Laurencii.
1182 1525 1252 1566 Dc
1304 1537 1421 1569 costa
1465 1531 1600 1572 sancti

72 1581 300 1635 Augustini
332 1582 532 1625 doctoris.
598 1581 667 1623 De
701 1581 805 1623 tibia
837 1582 972 1623 sancti
1008 1582 1312 1625 Bartholomei.
1377 1586 1445 1628 Dc
1477 1588 1603 1631 fauce

67 1649 225 1681 sanctae
261 1640 524 1690 Katharinae,

125 1823 215 1864 Hic
246 1826 478 1865 scribuntur
509 1825 691 1876 reliquia}
722 1838 813 1876 quse
844 1831 1060 1865 servantur
1091 1827 1134 1866 in
1164 1829 1320 1868 cistulis
1352 1830 1535 1871 eburneis
1567 1838 1607 1872 et

52 1883 173 1935 fiolis
202 1884 442 1930 crz'stala'nis,
488 1888 527 1922 ec
555 1884 654 1921 aliis
684 1883 780 1922 locis
826 1884 1013 1931 diversis,
1061 1885 1103 1923 in
1145 1888 1329 1926 custodia
1371 1888 1604 1930 Feretrarz'i

67 1942 371 1990 Demelmensis,
405 1946 522 1980 extra
538 1940 744 1992 feretrum
774 1943 907 1980 sancta·
940 1942 1149 1982 Cutlzberti
1178 1947 1440 1986 conservatis.

127 2058 356 2098 Brachium
381 2059 513 2098 sancti
537 2058 745 2099 Gereonis
769 2058 965 2099 martiris.
1032 2059 1141 2100 Item
1165 2060 1268 2101 dens
1285 2061 1418 2103 saneti
1440 2062 1600 2105 Aidani

70 2115 421 2156 Lindisfarnensis
440 2116 640 2170 episcopi.
695 2116 766 2157 De
785 2116 1037 2158 vestimento
1052 2118 1185 2158 sancti
1203 2118 1385 2160 Thomae
1403 2122 1598 2172 martiris,

67 2182 109 2214 et
142 2174 195 2214 de
236 2174 367 2214 lorica
402 2183 445 2214 et
477 2174 530 2214 de
563 2173 700 2213 cilicio
741 2174 948 2228 ejusdem.
1022 2175 1092 2216 De
1134 2175 1276 2230 lapide
1308 2192 1438 2232 super
1470 2194 1598 2234 quem

66 2240 189 2271 natus
213 2241 276 2272 est
311 2231 514 2272 Christus.
581 2231 688 2271 Item
705 2231 909 2284 junctura
939 2231 1061 2283 digiti
1084 2233 1218 2273 sancti
1244 2234 1475 2285 Wolstani,
1501 2252 1598 2279 cum

67 2290 269 2344 porcione
293 2290 428 2330 carnis
451 2288 656 2342 ejusdem.
723 2289 841 2329 Dens
864 2300 1019 2329 sanctae
1045 2291 1216 2332 Ceciliae
1239 2292 1426 2346 virginis.
1481 2294 1602 2336 Reli-

68 2348 178 2402 quiae
204 2357 443 2388 sanctorum
475 2346 657 2395 Nazarii,
688 2345 883 2395 Naboris,
914 2346 1136 2401 Gorgonii,
1162 2358 1204 2390 et
1227 2349 1468 2401 Maximini,
1489 2367 1601 2393 mar-

67 2406 206 2446 tirum.
271 2406 379 2446 Item
403 2405 455 2445 (10
481 2404 608 2445 lorica
640 2403 771 2444 sancti
809 2404 1000 2454 Godrici,
1025 2414 1067 2445 et
1090 2406 1143 2446 (10
1180 2422 1272 2448 0550
1309 2407 1443 2449 sancti
1478 2410 1600 2452 Pauli

67 2473 108 2503 et
144 2463 378 2503 Eustochii.
443 2463 549 2503 Item
583 2461 773 2517 reliquiae
806 2462 936 2502 sancti
972 2462 1154 2504 Thomae
1186 2465 1381 2515 martiris,
1420 2466 1502 2508 hoc
1534 2477 1600 2510 est

67 2521 120 2560 de
139 2522 318 2570 cuculla,
343 2520 535 2569 stamina,
555 2520 704 2568 cilicio,
731 2519 910 2574 pellicia,
935 2529 978 2560 et
1000 2535 1141 2574 panno
1163 2522 1367 2577 ejusdem,
1392 2527 1596 2581 sanguine

67 2578 261 2622 intincto,
328 2580 507 2632 Insuper
529 2579 582 2618 (10
607 2578 748 2617 frocco
779 2578 996 2632 cujusdam
1019 2579 1228 2629 monachi,
1259 2581 1463 2635 sanguine
1490 2584 1601 2638 ejus-

68 2636 375 2677 (101111111111010.
440 2637 547 2677 Item
573 2636 678 2676 (10115
720 2635 848 2676 sancti
876 2636 1079 2689 Stephani
1103 2637 1454 2691 prothomartiris,
1480 2652 1521 2682 et
1543 2643 1598 2683 (10

68 2694 242 2734 brachio
265 2694 464 2748 ejusdcm.
535 2694 640 2734 Item
664 2693 767 2733 (lens
801 2693 936 2734 sancti
958 2694 1111 2748 Egidii,
1155 2704 1198 2735 et
1239 2696 1293 2738 (10
1336 2697 1598 2741 vestimentis

71 2752 271 2807 ejusdem.
336 2753 405 2795 De
449 2752 610 2794 ossibus
642 2752 775 2794 sancti
817 2751 1004 2794 Andreae
1048 2752 1242 2807 apostoli.
1307 2754 1425 2797 Dens
1463 2758 1598 2800 sancti
