1807 2962
238 120 296 150 XX
554 115 688 146 HIST.
717 113 953 145 DUNELM·
979 113 1285 145 SCRIPTORES
1311 113 1450 145 TRES.

236 224 441 268 canonica
462 230 726 263 concesserat
749 230 875 277 atque
897 221 1237 264 confirmaverat.
1316 220 1443 262 Hanc
1466 220 1597 262 eciam
1628 221 1762 263 dona-

237 285 403 326 cionem
444 280 604 323 eisdem
645 279 874 328 monachis,
908 278 1068 319 domini
1102 279 1231 333 Papae
1272 278 1526 321 auctoritate
1565 279 1607 320 in
1640 280 1763 320 Dun-

238 343 398 384 elmum
421 339 648 388 translatis,
676 339 830 380 Comes
856 336 1028 378 Albrius
1058 336 1284 377 Waltheofi
1306 351 1522 378 successor
1541 338 1696 379 iterum
1719 337 1763 378 in

236 399 473 456 praesencia
508 413 605 438 mea
637 395 844 438 concessit
877 404 921 436 et
953 394 1187 445 renovavit,
1211 409 1354 435 coram
1391 395 1569 437 testibus
1603 395 1762 438 multis.

244 458 446 515 Quisquis
463 455 592 511 igitur
613 470 637 496 a
657 454 788 495 modo
801 453 1051 508 praedictam
1069 452 1299 503 ecclesiam,
1315 452 1401 494 sive
1419 452 1579 509 aliquid
1595 454 1649 494 de
1669 468 1765 508 per-

237 516 432 558 tinenciis
454 514 596 569 ipsius,
620 512 837 553 monachis
862 512 1020 552 Sancto
1037 510 1276 552 Cuthberto
1293 510 1505 552 servituris
1527 511 1763 560 abstulerit,

238 590 335 616 mea
369 572 613 629 Episcopali
657 569 926 620 auctoritate,
961 578 1003 610 et
1039 570 1174 610 tocius
1211 568 1361 624 synodi
1396 568 1517 610 istius
1556 577 1765 625 perpetuo

241 633 526 681 anathemate,
550 629 899 683 condempnetur,
925 640 967 669 et
988 642 1084 668 cum
1116 627 1288 668 diabolo
1310 636 1352 668 et
1374 627 1535 681 angelis
1557 628 1648 683 ejus
1667 641 1766 682 per·

240 691 379 746 petuis
420 690 588 744 ignibus
620 686 860 743 puniendus
893 693 1147 727 reservetur.
1211 687 1364 726 Amen.
1403 688 1558 729 Amen.
1623 685 1680 726 Et
1717 693 1765 725 ut

240 750 334 790 haec
370 746 640 789 confirmacio
677 760 773 786 mea
804 745 926 785 firma
959 752 1001 786 et
1036 752 1129 784 rata
1164 743 1280 784 sitin
1301 753 1554 798 perpetuum
1581 757 1766 799 praesens

240 807 442 862 scriptum
465 820 590 846 manu
621 803 792 859 propria
821 803 940 857 signo
973 810 1130 843 sanctae
1152 801 1285 843 crucis
1306 801 1362 857 ψ
1383 801 1578 857 imprimo
1600 810 1642 843 et
1665 816 1767 843 con-

238 867 379 907 firmo.
458 864 637 920 Signum
673 861 901 902 Willielmi
932 860 989 916 ᾧ
1025 859 1238 915 Episcopi.
1326 859 1502 914 Signum
1550 858 1688 900 Eilavi
1724 864 1766 897 4-

238 931 386 979 preost
421 922 474 963 de
511 919 820 962 Extildesham.
888 918 1064 974 Signum
1100 918 1284 959 Alwoldi
1318 923 1360 958 -i-
1382 927 1524 972 preost
1555 918 1608 959 de
1633 916 1765 958 Tine-

239 982 402 1022 mutha.
486 979 664 1034 Signum
706 976 853 1018 Ulchil
887 986 1032 1030 preost
1073 980 1115 1013 -i-
1156 976 1210 1017 de
1255 976 1509 1030 Seggeffeld.
1586 975 1767 1030 Signum

241 1039 380 1081 Eilavi
400 1039 453 1079 de
480 1037 760 1093 Bethlingtnn
783 1041 838 1075 4.
887 1034 1067 1088 Signum
1090 1034 1279 1075 Meruini
1302 1042 1444 1088 preost
1466 1037 1508 1074 -}-
1525 1034 1579 1075 de
1597 1034 1763 1076 Cestre.

247 1099 427 1152 Signum
453 1095 623 1138 Uthred
641 1099 688 1134 4-
710 1101 855 1148 preost
884 1093 937 1133 de.
963 1092 1143 1135 Alcleat.
1210 1092 1389 1147 Signum
1412 1091 1591 1133 Aldredi
1622 1100 1766 1146 preost

242 1160 285 1194 -¹.-
318 1155 373 1196 de
411 1154 554 1196 Aclea.
621 1151 799 1205 Signum
838 1150 954 1192 Gille
976 1155 1019 1188 4-
1040 1150 1181 1191 clerici
1203 1150 1257 1191 de
1285 1150 1526 1207 Eggascliff.
1589 1150 1766 1204 Signum

244 1212 483 1268 Hemming
505 1217 546 1250 -}-
568 1219 711 1264 preost
733 1209 786 1249 de
814 1209 1137 1262 Brentespethe.
1205 1209 1378 1250 Factum
1411 1217 1473 1249 est
1512 1208 1591 1248 hoc
1613 1209 1766 1248 confir·-

240 1270 444 1311 macionis
487 1268 688 1323 scriptum
733 1282 845 1307 anno
892 1267 945 1307 ab
990 1266 1288 1308 incarnacione
1328 1266 1504 1308 Domini
1544 1265 1766 1307 millesimo

243 1343 364 1369 Lxxx
386 1328 548 1384 quinto,
573 1326 723 1382 quinto
746 1326 828 1366 kal.
853 1324 965 1374 maii,
989 1324 1094 1365 feria
1113 1325 1311 1366 secunda.

457 1602 520 1631 x1.
557 1600 702 1627 CARTA
726 1596 979 1624 WILLIELMI
1004 1595 1137 1622 PRIMI
1163 1595 1220 1621 DE
1246 1595 1554 1625 BlLLINGHAM.

694 1693 767 1732 [Ex
789 1691 883 1734 Orig.
903 1692 929 1721 1.
951 1691 978 1721 l.
996 1687 1178 1732 Regalium
1195 1688 1240 1721 G.
1265 1688 1309 1728 l.]

298 1793 361 1836 W.
386 1793 484 1833 Rex
507 1790 631 1845 Angl'
680 1787 735 1831 G.
764 1785 977 1828 Bainardo
1010 1784 1202 1827 salutem.
1263 1783 1377 1825 Scias
1410 1799 1478 1826 me
1509 1786 1763 1829 concessisse

237 1852 337 1893 Deo
368 1860 412 1892 et
447 1852 604 1892 Sancto
640 1847 880 1889 Cuthberto
911 1854 953 1884 et
985 1842 1202 1882 monachis
1223 1842 1305 1882 suis
1333 1842 1641 1898 Bellingaham‚
1665 1859 1761 1886 cum

236 1908 431 1950 omnibus
460 1907 542 1948 suis
570 1902 845 1961 appendiciiS,
869 1901 929 1942 ita
948 1901 1057 1941 bene
1080 1908 1123 1941 et
1145 1900 1301 1955 quiete,
1326 1915 1420 1941 cum
1445 1902 1637 1943 omnibus
1660 1917 1762 1943 con-

238 1966 544 2013 suetudinibus,
585 1965 692 2004 sicut
730 1961 878 2001 melius
915 1968 956 1999 et
994 1958 1175 2013 quietius
1212 1958 1312 1998 alias
1349 1974 1444 1999 suas
1481 1970 1612 2001 terras
1649 1961 1761 2002 inter

235 2024 408 2066 Teisam
441 2032 484 2064 et
516 2021 671 2063 Tinam
693 2020 867 2061 habent.
933 2016 990 2057 Et
1012 2016 1110 2056 inde
1131 2030 1184 2057 ne
1206 2016 1294 2057 ullo
1316 2017 1445 2058 modo
1467 2028 1508 2059 te
1523 2019 1677 2060 amodo
1698 2018 1758 2059 in-
1806 2043 1807 2080 i

235 2082 446 2123 tromittas
478 2081 531 2122 de
552 2080 676 2121 rebus
698 2076 1000 2118 monachorum
1018 2089 1027 2122 ς
1051 2073 1150 2129 quia
1170 2074 1267 2115 volo
1290 2084 1336 2116 ut
1354 2090 1449 2117 cum
1467 2076 1627 2119 honore
1645 2085 1759 2119 tene·
1806 2094 1807 2149 1

234 2150 319 2181 ant.
383 2140 515 2181 Teste
541 2137 594 2181 R.
620 2133 881 2179 cancellario.

844 2257 939 2299 Sea!
957 2257 1152 2308 wanting).
