1807 2962
442 66 719 99 APPENDIX.
757 65 878 97 ANN.
909 66 1160 98 Mccxmx.
1436 52 1572 100 lxxix

43 186 111 225 ta;
134 175 187 216 de
215 189 312 230 qua,
346 173 447 215 dum
471 174 638 224 vixerit,
662 173 793 229 possit
815 172 1018 215 decenter
1039 183 1083 216 et
1104 186 1294 228 congrue
1315 172 1542 214 sustentari
1562 188 1572 214 :

42 233 380 275 contradictores
410 247 485 286 per
517 247 740 274 censuram
773 231 1114 282 ecclesiasticam,
1148 230 1440 286 appellacione
1462 239 1578 285 post-

43 291 195 346 posita,
239 291 569 345 compescendo.
634 291 824 332 Demum
851 305 952 332 vero
981 288 1248 332 denuncietis
1276 288 1441 329 dilectis
1477 288 1574 328 filiis

45 349 248 404 Capitulo
285 348 569 390 Dunelmensi
603 358 649 390 ut
681 348 875 389 invocata
910 348 1091 403 Spiritus
1133 345 1278 389 Sancti
1313 345 1469 402 gracia,
1500 359 1578 400 per

44 406 302 449 eleccionem
317 406 564 447 canonicam
586 407 826 461 praeficiant
840 406 917 447 sibi
932 421 1158 461 personam
1178 405 1425 469 ydoneam'
1415 419 1459 444 ln
1481 417 1578 458 pas—

43 473 193 506 torem.
261 464 392 512 Quod
413 465 447 505 si
468 480 555 505 non
578 479 723 505 omnes
744 464 823 505 hiis
841 465 1098 520 exequendis
1119 462 1341 519 potueritis
1359 462 1577 511 interesse,

43 523 131 564 duo
163 531 349 564 vestrum
380 537 431 564 ea
463 522 758 563 nichilominus
780 531 1062 578 exequantur.
1126 523 1244 565 Data
1266 519 1481 576 Lugduni,
1504 519 1580 561 ka-

43 581 182 623 lendis
202 581 229 624 J
233 580 318 632 ulu,
341 580 614 636 pontificatus
636 579 772 621 nostri
793 595 905 622 anno
927 589 1064 623 sexto.

163 826 254 855 LXI.
298 825 518 854 LICENCIA
541 825 600 852 AD
625 824 923 854 ORDINANDOS
946 826 1202 855 MOMACHOS
1225 827 1275 854 IN
1298 827 1464 856 SACROS

375 883 578 912 ORDINES
602 883 658 910 ET
682 883 851 911 CRISMA
875 884 1248 914 CONFICIENDUM.

289 961 404 1004 [Cart.
421 961 496 994 ΙΙΙ.
515 960 574 993 fol.
590 963 655 993 269
672 962 704 994 b.
722 965 758 994 et
772 962 868 1006 Orig.
887 965 918 994 2.
938 963 967 995 1.
996 962 1202 1006 Archiepisc.
1232 964 1272 995 G.
1292 964 1336 1007 1.]

111 1039 320 1082 Omnibus
354 1038 513 1081 Christi
544 1038 741 1080 fidelibus
762 1039 838 1080 has
860 1039 1002 1081 literas
1024 1040 1295 1096 inspecturis,
1320 1040 1582 1082 Willielmus

52 1098 137 1148 Dei
159 1098 302 1152 gracia
325 1097 605 1139 Eboracensis
629 1096 998 1152 Archiepiscopus,
1022 1098 1187 1153 Angliae
1210 1098 1379 1153 primas,
1403 1099 1583 1140 salutem

51 1157 93 1197 in
137 1156 341 1199 Domino.
409 1156 478 1196 Ad
513 1156 765 1196 instanciam
806 1155 1062 1197 dilectorum
1102 1157 1145 1197 in
1182 1156 1353 1198 Christo
1394 1157 1583 1198 filiorum

54 1214 214 1256 Prioris
246 1223 287 1255 et
322 1214 571 1255 Conventus
594 1213 898 1255 Dunelmensis
929 1215 1212 1255 concessimus
1234 1225 1282 1256 ut
1304 1215 1337 1255 si
1359 1215 1507 1270 aliquis
1529 1215 1583 1256 de

51 1273 204 1314 nostris
237 1271 525 1326 suffraganeis,
550 1271 615 1312 vel
648 1271 752 1312 alius
790 1271 1027 1327 Episcopus
1050 1272 1221 1329 Angliae
1253 1288 1328 1314 seu
1353 1273 1582 1314 Hiberniae

51 1342 177 1373 notus
208 1330 433 1372 transitum
465 1329 613 1370 fecerit
653 1344 729 1384 per
760 1330 1042 1380 Dunolmum,
1076 1330 1203 1372 liceat
1240 1332 1295 1381 ei,
1320 1331 1580 1373 auctoritate

51 1398 208 1439 nostra,
243 1387 445 1445 quamdiu
483 1388 618 1428 Sedes
647 1387 860 1429 vacaverit
881 1388 1185 1430 Dunolmensis
1209 1389 1414 1430 Ecclesiae
1437 1404 1584 1430 mona-

52 1448 153 1488 chos
198 1456 241 1488 et
282 1446 387 1488 alios
437 1446 657 1503 religiosos
709 1446 900 1501 ejusdem
941 1446 1160 1488 dioceseos
1203 1447 1412 1498 ordinare,
1457 1456 1501 1489 et
1541 1447 1585 1488 in

54 1504 341 1547 Dunolmensi
377 1504 555 1546 ecclesia
586 1504 739 1545 crisma
779 1505 1003 1555 conficere,
1027 1520 1076 1546 ac
1098 1505 1331 1546 eorundem
1353 1505 1586 1548 monacho-

52 1579 147 1604 rum
180 1564 378 1604 ecclesias
411 1563 625 1612 dedicare,
659 1562 692 1602 si
733 1563 787 1604 ab
829 1563 988 1604 eisdem
1030 1563 1157 1605 fuerit
1197 1563 1433 1620 requisitus,
1515 1564 1586 1605 Ita

54 1632 196 1663 tamen
214 1621 328 1678 quod
344 1623 385 1661 in
401 1621 620 1662 ordinibus
638 1635 808 1661 manum
827 1621 1085 1663 secularibus
1104 1621 1265 1663 clericis
1279 1637 1364 1663 non
1379 1622 1582 1678 imponat.

56 1681 174 1722 Data
187 1680 299 1736 apud
315 1679 452 1720 Kauu'
464 1678 687 1731 [Cawod]‚
706 1693 763 1720 xv
780 1679 984 1722 kalendas
994 1681 1154 1731 marcii,
1171 1680 1440 1736 pontificatus
1450 1679 1584 1724 nostri

55 1753 165 1781 anno
187 1746 299 1779 xxx⁰
319 1746 486 1794 quarto.
509 1737 713 1778 valeatis.

173 1982 283 2014 Lx11.
319 1982 488 2010 LITERA
520 1982 837 2010 EXCUSA'romA
870 1982 1078 2009 EPISCOPI
1122 1982 1179 2009 DE
1218 1982 1467 2012 CANDIDICE

676 2026 776 2082 [ita]
803 2040 945 2068 MJSSA.

229 2118 344 2159 [Cart.
360 2119 434 2151 ΙΙΙ.
450 2118 507 2151 fol.
523 2120 588 2150 254
606 2118 637 2150 b.
655 2122 691 2151 et
708 2117 805 2161 Orig.
826 2122 856 2149 1.
881 2120 908 2149 l.
928 2117 1277 2162 Archiepiscopalium
1295 2119 1345 2152 H.
1364 2120 1414 2161 2.]

115 2197 359 2239 Venerabili
390 2197 431 2237 in
468 2196 642 2239 Christo
674 2197 784 2251 patri
806 2195 981 2237 domino
1008 2196 1196 2238 Waltero
1220 2196 1303 2238 Dei
1327 2197 1469 2251 gracia
1491 2197 1586 2239 Du-

57 2255 264 2296 nelmensi
305 2256 508 2310 episcopo
554 2255 609 2296 G.
651 2254 797 2295 eadem
840 2256 982 2308 gracia
1016 2254 1222 2296 Candidae
1264 2269 1372 2295 casae
1407 2255 1589 2309 Episco-

57 2328 152 2368 puS,
169 2313 349 2353 salutem
366 2321 409 2353 et
423 2311 780 2377 promptissimam
796 2327 890 2352 cum
907 2311 1020 2352 omni
1035 2312 1269 2353 devocione
1284 2313 1587 2355 reverenciam.

62 2370 327 2411 Reverendae
358 2369 603 2423 paternitati
635 2378 786 2410 vestrae
819 2369 1090 2410 manifestum
1122 2370 1312 2419 facimus,
1337 2370 1465 2426 quod,
1489 2387 1585 2413 cum

57 2443 194 2484 nuper
216 2426 437 2468 transitum
459 2428 693 2468 faceremus
714 2442 791 2482 per
811 2427 1085 2477 Dunelmum,
1101 2427 1215 2469 facta
1233 2427 1313 2468 fuit
1328 2429 1448 2469 nobis
1465 2430 1589 2485 copia

58 2487 312 2535 litteiarum,
345 2500 449 2541 quas
495 2486 548 2526 de
578 2484 722 2541 glacia
752 2494 894 2525 vestra
935 2485 1198 2526 concessistis
1235 2485 1334 2526 vinis
1376 2485 1586 2541 leligiosis

58 2544 241 2586 dominis
284 2543 421 2584 Priori
453 2552 495 2584 et
531 2542 772 2585 Conventui
804 2543 1097 2593 Dunelmensi,
1130 2558 1256 2598 super
1287 2544 1505 2586 ordinibus
1542 2546 1586 2587 in

58 2601 255 2644 absencia
296 2611 435 2643 vestra
480 2601 743 2642 celebrandis
784 2601 956 2651 ibidem,
999 2616 1076 2655 per
1116 2601 1297 2657 aliquem
1339 2603 1586 2658 episcopum

59 2671 224 2711 notum,
248 2660 279 2700 si
302 2675 377 2715 per
399 2675 469 2701 eos
493 2659 712 2700 transitum
736 2659 921 2708 faceret;
954 2674 1098 2700 verum
1121 2675 1215 2700 cum
1239 2675 1293 2702 ex
1307 2676 1448 2702 earum
1472 2663 1586 2704 litte-

59 2734 198 2760 rarum
232 2718 438 2761 beneficio
471 2733 558 2760 non
578 2717 831 2760 haberemus
854 2717 968 2774 quod
992 2718 1044 2759 ad
1068 2718 1171 2761 alios
1193 2718 1465 2771 ordinandos,
1489 2736 1586 2776 pre-
