1807 2962
206 40 389 91 dxxviii
526 60 659 94 HisT.
687 62 922 94 DUNELM.
951 44 1262 95 scn1i³Tonsss
1283 65 1423 96 Tuas.

325 375 479 406 CLVIII.
534 376 687 404 BULLA
720 375 960 404 BONIFACII
996 378 1041 404 lx
1085 377 1174 405 PRO
1208 378 1426 406 JOHANNE
1470 380 1622 408 RYPON

544 435 769 463 MONACHO
795 435 1025 462 ECCLESlAE
1055 435 1399 467 DUNELMENSIS.

818 529 925 571 [Cart.
941 530 972 562 1.
987 529 1046 563 fol.
1064 532 1133 574 32]

265 622 511 664 Bonisacius
532 647 589 653 —
609 622 795 664 Johanni
816 623 985 678 Rypon,
1005 622 1216 664 monacho
1234 621 1423 664 ecclesiae
1439 618 1738 665 Dunelmensis

205 707 259 711 -—
283 680 503 735 capellano
524 689 688 729 nostro,
712 681 892 722 salutem
914 706 971 711 —
990 681 1125 722 Grata
1146 691 1232 722 tuae
1254 681 1494 722 devocionis
1517 682 1736 737 obsequia,

205 752 301 793 qnae
337 738 458 778 nobis
500 746 541 779 et
577 738 822 793 apostolicae
865 738 955 780 sedi
993 739 1195 780 hactenus
1233 739 1475 794 impendisti
1513 748 1556 780 et
1597 740 1737 781 adhuc

205 795 378 837 solicitis
401 795 643 850 impendere
673 796 825 837 studiis
855 811 937 837 non
961 796 1140 847 desistis,
1165 812 1241 838 nec
1263 812 1347 838 non
1371 796 1583 862 religionis
1605 798 1734 848 zelus,

203 853 304 894 vitae
326 863 370 895 et
389 869 569 904 mmum,
592 854 756 910 aliaque
787 854 1014 895 laudabilia
1045 854 1265 909 probitatis
1283 864 1327 896 et
1348 854 1549 896 virtutum
1572 855 1738 906 melita,

203 912 360 967 quibus
379 926 601 966 peisonam
625 921 740 953 tuam
773 912 1083 966 fidedignorum
1117 912 1367 953 testimoniis
1383 913 1523 967 juvari
1545 913 1736 968 percepi-

204 984 313 1019 mus,
352 969 510 1010 merito
546 985 622 1010 nos
659 969 869 1010 inducunt
905 980 952 1010 ut
975 979 1016 1011 te
1038 970 1227 1025 specialis
1249 970 1393 1011 favme
1415 985 1570 1024 graciae
1592 986 1737 1025 prose-

204 1042 398 1083 quamur.
461 1027 579 1068 Hinc
601 1039 664 1068 est
695 1029 810 1083 quod
834 1042 927 1077 1³05,
948 1028 1028 1068 tuis
1050 1030 1094 1068 in
1116 1028 1195 1069 hac
1210 1038 1330 1082 palte
1352 1029 1736 1083 supplicacionibus

203 1085 405 1133 inclinati,
449 1085 539 1134 tibi,
581 1085 654 1140 qui
704 1085 934 1125 monachus
974 1085 1166 1126 ecclesiae
1218 1086 1532 1136 Dunelmensis,
1573 1088 1739 1128 ordinis-

210 1143 355 1184 Sancti
380 1143 618 1191 Benedicti,
657 1158 705 1183 ac
746 1143 881 1197 ipsum
904 1143 1094 1186 ordinem
1118 1159 1318 1198 expresse
1340 1144 1552 1198 professus
1574 1145 1734 1195 existis,

204 1210 252 1242 ut
293 1215 422 1241 unum
463 1200 714 1241 beneficium
751 1201 1082 1243 ecclesiasticum
1123 1217 1217 1243 curn
1255 1217 1355 1242 cura
1390 1202 1456 1242 vel
1491 1203 1580 1243 sine
1616 1218 1734 1253 cura,

203 1258 331 1299 etiam
355 1258 387 1298 si
410 1268 660 1299 consuetum
692 1258 819 1300 fuerit
849 1273 925 1313 pet·
946 1260 1154 1301 seculares
1177 1259 1352 1301 clericos
1374 1260 1476 1314 regi,
1502 1259 1735 1302 dummodo

205 1317 288 1357 tibi.
315 1316 415 1357 alias
449 1316 652 1357 canonice
689 1316 947 1367 conferatur,
973 1317 1101 1358 libere
1133 1317 1320 1373 recipere
1342 1327 1385 1358 et
1407 1319 1519 1359 licite
1541 1319 1732 1369 retinere,

205 1374 395 1430 illudque
419 1374 575 1415 tociens
598 1376 799 1430 quociens
837 1375 911 1415 tibi
935 1375 1162 1426 videbitur,
1187 1391 1243 1416 ex
1264 1391 1390 1417 causa
1410 1377 1737 1430 permutacionis

204 1432 272 1473 vel
309 1433 432 1482 alias,
465 1432 710 1487 simpliciter
746 1432 974 1484 dimittere,
998 1443 1041 1475 et
1072 1434 1168 1475 loco
1200 1433 1359 1474 dimissi
1381 1433 1495 1474 aliud
1517 1434 1649 1475 simile
1672 1435 1738 1475 vel

204 1490 403 1531 dissimile
442 1491 631 1544 recipere
670 1514 729 1521 —
769 1501 918 1531 tenore
950 1493 1225 1546 praesencium
1267 1492 1551 1541 concedimus,
1594 1492 1738 1546 gracia

204 1548 459 1603 speciali—.
526 1548 642 1589 Data
674 1548 840 1599 Romae,
865 1550 977 1604 apud
1013 1551 1056 1593 S.
1094 1551 1285 1600 Petrum,
1320 1564 1363 1590 vl
1386 1550 1469 1592 kal.
1504 1550 1737 1601 Novemb.5

205 1616 321 1660 pont.
347 1606 475 1647 nostri
498 1622 611 1648 anno
634 1613 729 1649 vu0.

324 1914 443 1942 CLIX.
480 1912 851 1940 INSTRUMENTUM
890 1912 947 1938 AD
983 1912 1370 1940 CONCORDANDUM
1391 1929 1460 1941 ..η
1467 1932 1615 1944 ........

324 1971 470 1998 SUPER
511 1971 614 1997 LlTE
651 1984 872 1997 ...n-..nn
912 1970 1266 1998 JURISDICTIONE
1310 1970 1615 2001 ARCIHDIACO-

323 2028 430 2056 NALI
464 2027 838 2056 NORTHUMBRIAE.

763 2107 868 2149 [Re-g.
886 2105 935 2135 ΙΙ.
951 2103 999 2137 fol
1025 2106 1101 2136 321.
1117 2105 1168 2148 b.]

265 2203 315 2245 I'n
339 2203 507 2244 nomine
527 2202 718 2251 Domini,
749 2202 894 2242 Amen.
951 2199 1034 2240 Per
1051 2213 1232 2253 praesens
1247 2200 1461 2255 publicum
1481 2201 1733 2243 instrumen-

205 2270 295 2302 tum
336 2271 502 2303 constet
543 2260 738 2301 omnibus
776 2258 1007 2307 manifeste,
1045 2257 1173 2312 quod,
1207 2273 1320 2299 anno
1352 2259 1405 2299 ab
1436 2258 1731 2302 incarnacione

207 2319 395 2369 Domini,
434 2319 668 2361 secundum
706 2332 872 2359 cursum
906 2325 949 2357 et
981 2316 1347 2370 computacionem
1369 2317 1559 2359 ecclesiae
1582 2318 1733 2370 Angli-

204 2393 322 2420 canae
345 2378 565 2419 millesimo
598 2391 669 2417 ccc
690 2373 967 2430 nonogesimo
989 2382 1127 2423 sexto,
1150 2373 1384 2416 indiccione
1407 2386 1569 2431 quarta,
1593 2375 1732 2430 ponti-

206 2437 356 2478 ficatus
383 2434 634 2477 sanctissimi
657 2434 698 2474 in
723 2433 896 2475 Christo
931 2431 1062 2487 patris
1093 2439 1134 2472 et
1167 2431 1325 2472 domini
1356 2434 1487 2474 nestri
1520 2433 1731 2475 Bonifacii

206 2494 347 2535 divina
387 2493 660 2549 p10x1denc1a
694 2492 823 2546 Papae
860 2490 959 2531 noni
981 2504 1093 2531 anno
1129 2489 1324 2544 septimo,
1358 2492 1509 2531 mensis
1530 2490 1629 2532 Julii
1662 2491 1731 2533 die

206 2552 377 2606 xxiiij,
368 2568 410 2592 ιιι
433 2552 560 2592 domo
596 2549 816 2604 capitulini
849 2549 1037 2590 ecclesiae
1059 2548 1407 2598 Dunelmensis,'
1398 2564 1440 2590 m
1464 2549 1545 2589 mei
1562 2549 1731 2590 Notarii

205 2610 376 2665 publici,
412 2610 663 2664 testiumque
681 2607 1007 2662 subseliptorum
1033 2605 1263 2660 prasencia
1284 2606 1561 2661 pelsonaliter
1576 2606 1732 2648 consti-

207 2668 284 2709 tuti
303 2683 435 2708 xenci
429 2667 557 2708 ibiles
572 2677 614 2706 et
631 2665 813 2720 teligiosi
833 2681 851 2703 x·
859 2681 904 2705 111
923 2665 1020 2706 Joh
1023 2679 1153 2712 mnes,
1174 2664 1294 2704 Ιἰ··ἰυι
1307 2663 1496 2705 ecclesiae
1511 2665 1727 2719 predictae,

213 2726 374 2767 Robcit
383 2725 487 2766 usdc
508 2725 678 2780 Rxpon,
697 2724 905 2779 supprior,
919 2723 1017 2764 Joh
1019 2737 1136 2764 mnes
1148 2721 1199 2763 de
1222 2722 1490 2777 Bisshopton,
1510 2723 1727 2765 Jolrmues
