1807 2962
178 106 223 154 v‘l
486 113 623 145 HIST.
653 113 892 146 DUNELM.
921 111 1227 145 SCRIPTORES
1255 114 1395 146 TRES.

186 234 287 285 post
309 222 585 279 Episcopum,
624 231 666 262 et
700 221 741 261 in
762 219 961 275 Episcopi
986 220 1049 262 sui
1082 219 1289 261 electione
1312 234 1406 261 cum
1430 218 1616 274 capitulo
1637 233 1715 259 suo

188 291 374 328 teneant.
439 280 497 321 Et
518 293 806 335 quascumque
828 279 1057 332 dignitates
1075 292 1148 318 seu
1163 278 1347 319 honores
1366 277 1533 319 Decani
1552 277 1718 318 Ebora-

189 356 351 390 censes,
389 338 467 378 sub
504 335 843 391 Archiepiscopis
875 334 1227 384 Eboracensibus‚
1263 344 1307 376 et
1338 350 1463 390 super
1494 334 1719 376 Archidia-

195 413 325 442 conos
361 396 469 437 illius
508 395 714 442 ecclesiae,
752 393 1037 448 possederint,
1086 392 1253 434 Priores
1289 393 1600 434 Dunelmenses
1640 392 1720 432 sub

196 458 411 511 Episcopo
433 462 475 494 et
498 466 624 507 super
648 450 982 492 Archidiaconos
1005 449 1132 505 ipsius
1154 450 1344 492 ecclesiae
1365 450 1495 492 libere
1518 459 1561 491 et
1578 449 1721 505 quiete

196 516 508 570 imperpetuum
529 511 728 552 habeant.
769 509 973 550 Concedo
990 509 1125 550 eciam
1147 508 1205 549 eis
1226 516 1269 549 et
1291 509 1501 549 confirmo
1521 507 1724 564 quicquid

199 573 440 627 Episcopus
477 567 725 609 Willielmus
762 566 816 608 de
845 567 1091 622 episcopatu
1129 580 1205 606 suo
1239 565 1318 606 illis
1356 565 1490 616 dedit,
1523 565 1724 606 videlicet

202 630 318 686 quod
338 628 523 669 habeant
555 639 700 666 omnes
734 633 865 666 terras
902 635 944 666 et
980 622 1178 665 ecclesias
1199 623 1240 664 in
1272 623 1406 665 libera
1437 622 1725 679 disposicione

201 703 290 737 sua,
324 687 383 727 ita
413 694 460 726 ut
491 683 631 724 nullus
653 698 696 724 se
718 683 771 723 de
804 682 900 737 ipsis
922 681 1190 732 intromittat,
1213 681 1297 722 nisi·
1314 696 1390 736 per
1410 695 1660 722 consensum
1683 689 1727 722 et

202 744 422 794 licenciam
468 756 629 783 eorum.
723 741 780 781 Et
823 755 970 781 omnes
1020 739 1218 781 ecclesias
1267 754 1363 780 suas
1399 739 1440 780 in
1483 754 1610 780 manu
1653 753 1730 780 sua

205 801 321 844 omni
357 811 550 855 tempore
584 798 783 847 habeant,
822 807 869 839 ut
905 799 959 839 de
990 797 1064 847 eis,
1089 806 1295 853 quantum
1313 797 1514 852 poterint,
1537 796 1728 838 redditus

206 875 304 903 suos
339 872 507 913 semper
537 864 808 905 accrescant3
841 865 884 897 et
915 855 1087 910 insuper
1123 870 1271 896 omnes
1304 855 1405 896 alias
1436 854 1664 909 dignitates
1686 863 1730 895 et

204 919 439 966 libertates,
474 929 575 970 quas
610 914 845 968 Episcopus
878 913 1142 954 Willielmus
1174 913 1231 954 eis
1273 913 1496 956 concessit.
1564 913 1616 953 Et
1643 927 1732 953 sus-

209 975 320 1031 cipio
341 989 412 1016 eos
435 982 474 1014 et
498 986 643 1014 omnes
665 970 945 1026 possessiones
967 980 1010 1011 et
1032 985 1097 1011 res
1119 985 1264 1010 eorum
1288 970 1328 1010 in
1346 970 1619 1026 proteccione
1637 985 1734 1011 mea

210 1043 253 1076 et
290 1031 496 1074 custodia.
563 1028 730 1070 Priores
764 1029 897 1069 libera
926 1028 1104 1069 fratrum
1142 1030 1361 1069 voluntate
1394 1028 1617 1082 eligantur,
1660 1030 1733 1084 qui

212 1091 373 1133 cunctis
411 1088 560 1130 diebus
597 1087 682 1127 suis
719 1101 795 1127 sua
816 1086 1027 1142 dignitate
1058 1085 1189 1127 libere
1220 1095 1261 1127 et
1283 1085 1424 1141 quiete
1447 1086 1732 1140 perfruantur.

214 1149 323 1190 Haec
346 1156 388 1189 et
410 1145 552 1187 omnia
587 1144 683 1194 alia,
717 1158 813 1199 quae
842 1143 883 1184 in
906 1145 1103 1197 praesenti
1126 1143 1344 1198 possident
1367 1145 1428 1184 vel
1455 1145 1494 1184 in
1517 1154 1735 1198 posterum

214 1205 435 1262 adquirere
462 1204 575 1258 juste
607 1203 809 1256 poterint,
833 1202 919 1241 sive
942 1201 996 1242 de
1017 1201 1199 1256 pecunia
1219 1203 1352 1243 sancti
1378 1202 1604 1242 Cuthberti
1626 1217 1739 1243 eme-

213 1265 312 1313 rint,
336 1263 390 1303 ad
427 1262 635 1302 honorem
672 1267 714 1300 et
751 1260 807 1300 ob
829 1273 1016 1299 amorem
1052 1259 1244 1313 praedicti
1280 1259 1436 1309 Sancti,
1462 1259 1503 1300 in
1535 1259 1736 1309 ecclesiis,

214 1321 335 1364 terris
358 1330 400 1361 et
421 1318 553 1374 equis,
578 1317 698 1366 villis,
730 1317 871 1372 planis
903 1325 946 1357 et
976 1317 1172 1371 pasturis,
1197 1317 1464 1367 molendinis,
1488 1332 1582 1358 cum
1605 1332 1673 1358 sac
1696 1328 1741 1358 et

215 1395 300 1429 soc,
324 1378 382 1419 tol
417 1386 457 1417 et
479 1385 563 1416 tem
586 1384 628 1416 et
650 1374 927 1430 insangethef,
952 1384 993 1415 et
1029 1383 1073 1414 ut
1105 1375 1262 1415 curiam
1296 1390 1413 1415 suam
1446 1375 1674 1429 plenariam
1698 1385 1741 1416 et

216 1436 381 1478 wrecch
403 1434 443 1475 in
467 1443 579 1475 terra
610 1447 684 1473 sua
704 1432 836 1473 libere
853 1440 896 1473 et
918 1433 1061 1487 quiete.
1085 1433 1394 1487 imperpetuum
1418 1433 1616 1483 habeant,
1640 1447 1741 1473 con-

217 1495 323 1537 cedo
346 1502 387 1536 et
405 1492 625 1534 confirmo.
693 1489 900 1542 Praecipio
932 1490 1062 1531 eciam
1097 1499 1142 1531 ut
1174 1490 1294 1531 liberi
1319 1499 1359 1531 et
1382 1490 1511 1546 quieti
1534 1491 1742 1545 imperpe-

219 1564 339 1594 tuum
375 1565 470 1591 cum
507 1548 749 1590 hominihus
791 1547 874 1588 suis
908 1547 1073 1601 penitus
1108 1548 1190 1588 sint
1229 1549 1282 1589 ab
1314 1548 1510 1589 omnibus
1542 1549 1741 1597 exitibus,

220 1608 532 1656 exaccionibus,
555 1606 805 1654 redditibus,
831 1605 1039 1656 theloniis,
1073 1615 1116 1647 et
1150 1607 1345 1647 omnibus
1367 1606 1746 1647 consuetudinibus

221 1668 372 1709 ceteris
405 1665 529 1720 regiis
567 1680 663 1719 quae
691 1664 745 1704 ad
782 1678 982 1704 coronam
1007 1679 1143 1707 meam
1166 1663 1208 1703 in
1242 1678 1374 1718 regno
1404 1679 1498 1704 meo
1519 1665 1745 1719 pertinent.

230 1726 387 1767 Omnes
402 1722 666 1778 praescriptas
690 1721 906 1762 libertates
930 1730 971 1761 et
993 1721 1224 1774 dignitates
1250 1721 1345 1762 Deo
1367 1730 1408 1762 et
1429 1723 1584 1763 Sancto
1611 1722 1747 1763 Cuth-

222 1785 360 1831 berto,
383 1796 462 1836 pro
483 1781 619 1821 salute
652 1779 802 1820 animae
824 1793 931 1819 meae
954 1787 995 1819 et
1019 1779 1199 1819 filiorum
1225 1794 1431 1829 meorum,
1455 1794 1510 1820 ex
1532 1790 1748 1834 praecepto

225 1850 269 1883 et
304 1839 557 1881 auctoritate
584 1838 713 1891 Papae
747 1836 953 1890 praedicti,
977 1835 1277 1877 inviolabiliter
1308 1836 1616 1891 imperpetuum
1648 1852 1750 1878 con—

224 1896 381 1940 servari
402 1895 620 1950 praecipio.
683 1894 740 1934 Et
762 1902 809 1934 ut
831 1894 923 1933 haec
940 1893 1214 1934 confirmacio
1235 1908 1329 1934 mea
1350 1895 1391 1933 in
1409 1904 1601 1935 eternum
1628 1896 1751 1935 firma

225 1962 487 2011 permaneat,
510 1960 762 2006 praesentem
785 1959 943 1991 cartam
965 1950 1136 2005 propria
1152 1966 1279 1991 manu
1297 1951 1418 2005 signo
1435 1962 1594 1993 sanctae
1615 1954 1751 1993 crucis

229 2011 420 2068 impressi
442 2019 485 2051 et
507 2008 768 2051 confirmavi.
835 2008 944 2049 Haee
965 2016 1082 2049 carta
1106 2009 1356 2050 confirmata
1377 2019 1442 2051 est
1463 2010 1578 2065 apud
1605 2011 1752 2051 West-

229 2067 532 2111 monasterium
555 2067 597 2106 in
623 2064 817 2107 Concilio
840 2080 949 2115 meo,
974 2080 1088 2106 anno
1109 2066 1229 2122 regni
1254 2067 1335 2107 mei
1358 2072 1406 2108 x⁰
1426 2067 1544 2125 viij⁰.,
1569 2083 1753 2123 praesen-

229 2128 342 2169 tibus
364 2125 559 2167 omnibus
588 2122 805 2178 Episcopis
823 2132 864 2163 et
888 2123 1128 2164 Beronibus
1151 2123 1267 2164 meis.

354 2241 533 2296 Signum
557 2238 783 2280 Willielmi
806 2245 847 2277 ÷
867 2237 1014 2294 Regis.

349 2311 392 2344 ÷
419 2298 596 2353 Signum
623 2295 788 2338 Odonis
812 2295 1057 2337 Baiocensis
1079 2296 1278 2351 episcopi.

350 2359 393 2402 -’.··
418 2355 597 2410 Signum
619 2353 830 2396 Osmundi
852 2352 1051 2407 episcopi.

347 2423 397 2465 ἢ»
422 2415 600 2468 Signum
627 2411 851 2453 Walkelini
874 2410 1202 2454 Wintoniensis.

355 2471 532 2526 Signum
550 2470 643 2511 Tur
674 2498 684 2508 .
719 2500 728 2509 .
762 2500 772 2509 .
806 2498 815 2508 .
839 2467 973 2510 abatis
996 2468 1248 2512 Glastoniae,

356 2530 534 2583 Signum
557 2537 598 2571 -l-
622 2525 838 2569 Scollandi
859 2526 1039 2569 abbatis.

351 2589 394 2627 -l-
421 2586 599 2640 Signum
621 2583 777 2625 Vitalis
799 2584 963 2626 abbatis
990 2583 1373 2625 westmonasterii.

356 2645 532 2697 Signum
560 2641 767 2682 Rodberti
789 2647 832 2680 -l-
853 2639 1017 2682 comitis
1039 2641 1092 2682 de
1116 2641 1374 2682 Moretonia.

356 2703 533 2755 Signum
559 2698 732 2740 Ricardi
755 2708 795 2739 -4-
818 2698 871 2739 de
895 2697 1091 2739 Curceio.

356 2758 533 2812 Signum
561 2755 741 2798 Ursonis
764 2753 817 2795 de
842 2754 1019 2796 Abetot.
