1807 2962
707 102 982 134 APPEme.
1450 90 1601 137 cxxvii

73 210 212 251 levare
233 216 448 264 poterunt,
472 216 514 250 et
537 206 694 250 eisdem
716 207 1023 250 mercatoribus
1045 215 1118 250 aut
1140 208 1211 249 uni
1235 223 1398 259 eorum,
1422 212 1602 252 termino

76 267 304 321 completo,
328 267 434 309 citra
454 267 610 307 festum
632 268 767 308 sancti
793 266 988 307 Michalis
1013 266 1273 321 Archangeli
1294 267 1490 321 proxime
1505 278 1602 322 post

73 326 205 365 finem
245 324 413 366 termini
445 324 641 380 praedicti
676 325 826 366 eadem
863 324 1011 365 debita
1043 324 1110 365 vel
1143 339 1349 365 summam
1392 324 1603 366 dictorum

76 382 244 423 deb1t01
247 397 331 433 um,
356 397 453 438 quae
473 381 602 423 levari
623 390 839 436 poterunt,
863 382 917 423 de
937 396 1014 423 suo
1035 396 1084 437 pl
1087 396 1164 436 opi
1167 397 1207 422 io
1230 381 1424 436 persolvi.
1490 382 1547 423 Et
1568 383 1603 423 si

77 440 248 480 racione
268 455 436 497 gueirae
472 439 613 495 aliquo
635 440 765 480 modo
798 439 842 480 in
872 454 1006 493 legno
1027 449 1157 481 motae
1178 440 1243 480 vel
1266 439 1506 489 movendae,
1531 449 1605 481 aut

76 499 245 538 racione
267 498 477 539 adventus
504 497 731 538 Scotorum
749 497 791 537 in
814 497 1029 551 Angliam,
1046 496 1241 552 praedicti
1257 506 1514 539 mercatores
1530 506 1605 539 aut

76 570 185 595 unus
207 570 352 596 eorum
375 555 499 596 dictis
536 555 733 596 maneriis
766 555 956 609 gaudere
990 570 1076 596 non
1096 563 1316 610 poterunt,
1340 564 1414 596 aut
1436 555 1603 610 poterit,

76 613 260 654 durante
282 612 465 655 termino
486 612 695 667 predicto,
710 626 788 654 nec
811 613 950 654 exitus
973 621 1046 653 aut
1060 613 1255 667 proficua
1275 613 1374 654 inde
1389 613 1606 668 percipere

77 679 119 711 et
141 671 294 720 levare,
319 671 362 712 in
385 678 478 711 toto
500 671 568 711 vel
590 671 632 710 in
653 679 785 723 parte,
802 669 1033 725 praedictus
1054 670 1291 726 Episcopus
1308 670 1512 712 concessit
1526 686 1606 726 pro

77 744 121 769 se
143 737 187 769 et
204 728 512 770 successoribus
527 728 611 769 suis
627 728 743 784 quod
763 729 946 783 predicti
967 737 1222 770 mercatores
1245 728 1311 770 vel
1331 743 1438 769 unus
1460 743 1607 770 eorum

77 795 251 827 teneant
272 795 317 828 et
337 786 525 827 habeant
555 795 699 827 teneat
720 794 765 827 et
785 785 942 827 habeat
961 786 1170 841 praedicta
1189 786 1378 828 maneria
1398 801 1494 827 cum
1518 802 1608 827 om-

76 845 202 885 nibus
237 844 321 886 suis
353 843 623 899 pertinenciis
657 843 869 898 praedictis
901 858 1122 900 quousque
1143 844 1222 899 ipsi
1242 844 1311 886 vel
1332 859 1438 885 unus
1461 859 1609 885 eorum

79 901 266 956 dampna
306 911 349 943 et
379 902 582 956 jacturas,
625 916 723 957 quae
764 901 823 943 sic
864 902 1087 943 occasione
1137 917 1303 957 guerrae
1344 901 1606 953 sustinuerit,

81 959 273 1014 plenarie
308 959 362 1000 de
395 959 600 1000 extitibus
633 959 919 1000 maneriorum
954 959 1258 1014 praedictorum
1289 960 1521 1002 levaverint
1544 961 1612 1002 vel

78 1017 297 1067 levaverit,
340 1016 464 1057 simul
504 1032 599 1058 cum
628 1016 798 1067 debitis,
822 1017 856 1057 si
897 1032 995 1073 quae
1029 1019 1083 1059 ab
1119 1018 1279 1059 eisdem
1301 1019 1366 1059 vel
1389 1019 1442 1059 ab
1465 1018 1608 1075 aliquo

80 1090 228 1116 eorum
252 1089 327 1130 per
348 1075 568 1115 dominum
593 1074 768 1130 Papam,
791 1075 857 1116 vel
880 1074 1100 1116 dominum
1116 1087 1309 1116 nostrum
1330 1077 1510 1131 Regem,
1530 1092 1609 1118 seu

80 1132 185 1174 alios
207 1147 510 1188 quoscumque,
535 1132 675 1174 levare
705 1132 947 1189 contigerit,
981 1133 1160 1174 durante
1182 1132 1365 1175 termino
1387 1134 1608 1189 praediCto,

81 1191 123 1231 in
147 1190 359 1245 praedictis
383 1190 578 1231 maneriis
610 1205 688 1245 pro
720 1190 866 1231 debito
892 1190 1060 1245 praefati
1083 1191 1299 1246 Episcopi,
1323 1192 1612 1246 praedecesso-

81 1263 174 1288 rum
194 1248 260 1289 vel
281 1263 572 1289 successorum
594 1263 778 1297 suorum,
802 1263 887 1288 una
907 1263 1002 1289 cum
1026 1248 1220 1303 dampnis
1234 1259 1277 1290 et
1297 1250 1494 1304 expensis
1512 1265 1609 1305 quae

83 1306 305 1347 occasione
327 1306 501 1361 alicujus
535 1305 669 1347 debiti
702 1305 760 1346 sic
793 1306 921 1346 levati
943 1306 1234 1349 sustinuerint.
1300 1307 1357 1347 Et
1378 1308 1609 1361 praedictus

88 1364 325 1419 Episcopus
343 1372 385 1404 et
406 1378 666 1405 successores
687 1363 750 1404 sui
771 1363 975 1418 praedicta
995 1364 1183 1405 maneria
1204 1379 1298 1406 cum
1317 1365 1511 1406 omnibus
1528 1365 1612 1406 suis

83 1423 283 1463 membris
311 1430 353 1462 et
386 1421 671 1475 pei·tinencii5‚
702 1421 881 1475 juribus,
918 1421 1261 1472 comoditatibus,
1292 1422 1400 1464 sicut
1430 1423 1612 1478 praedic-

84 1489 175 1520 tum
197 1488 273 1530 est,
297 1478 481 1534 piaefatis
504 1478 690 1520 Johanni
716 1479 1161 1533 Bonseign‘GiiardQ
1187 1479 1399 1546 Philippo,
1429 1481 1613 1546 Stepha-

83 1553 155 1587 no,
198 1546 240 1578 et
282 1537 588 1578 mercatoribus
628 1536 841 1591 praedictis
883 1545 957 1578 aut
997 1536 1067 1578 uni
1109 1552 1273 1588 eorum,
1317 1539 1538 1595 assignatis
1571 1548 1614 1580 et

85 1596 387 1637 executoribus
428 1594 526 1645 suis,
567 1609 701 1650 usque
749 1595 804 1635 ad
843 1595 976 1636 finem
1018 1594 1187 1636 termini
1227 1596 1424 1651 praedicti
1465 1605 1614 1637 contra

87 1668 233 1694 omnes
295 1651 488 1693 homines
550 1651 888 1693 warantizabunt
938 1653 1219 1707 aquietabunt
1269 1661 1310 1695 et
1362 1654 1613 1696 defendent.

92 1713 143 1751 ln
165 1725 346 1766 quorum
379 1709 566 1750 omnium
599 1709 888 1751 testimonium
919 1709 1056 1750 dictus
1089 1710 1325 1776 Episcopus
1346 1712 1457 1766 parti
1488 1713 1613 1767 hujus

88 1767 233 1823 scripti
279 1782 408 1822 penes
453 1767 683 1822 praedictos
715 1776 969 1809 mercatmes
1000 1769 1238 1809 lenianenti
1277 1769 1460 1826 sigillum
1491 1785 1616 1811 suum

87 1824 299 1880 apposuit,
333 1840 381 1866 ac
413 1824 521 1879 parti
551 1840 682 1880 penes
712 1825 849 1879 ipsum
886 1824 1144 1880 Episcopum
1167 1827 1401 1868 remanenti
1422 1827 1618 1882 praedicti

87 1884 305 1924 Johannes
320 1892 364 1924 et
386 1883 618 1939 Bonseign
634 1898 713 1937 pro
730 1898 774 1924 se
790 1898 838 1924 ac
854 1882 943 1923 vice
961 1892 1003 1924 et
1021 1883 1190 1924 nomine
1207 1884 1394 1934 Girardi,
1414 1884 1617 1940 Philippi,

91 1940 310 1996 Stephani,
335 1950 376 1982 et
398 1939 588 1981 oninium
610 1940 789 1981 aliorum
811 1950 1020 1982 melcatm
1024 1955 1094 1981 um
1115 1941 1168 1982 de
1190 1941 1392 1983 societate
1413 1942 1622 1997 praedicta

89 2008 132 2039 et
155 2014 233 2054 pro
255 1998 313 2039 eis
335 1993 472 2054 sigilla
493 2012 568 2039 sua
587 2012 796 2053 apposue1
800 2006 890 2040 unt.
959 1997 1054 2039 Hiis
1075 1998 1267 2049 testibus,
1291 1999 1473 2040 dominis
1499 2000 1620 2042 Hen-

88 2056 177 2097 lico
199 2056 253 2097 de
281 2056 401 2097 Bello
432 2064 594 2105 monte,
631 2056 763 2097 Petro
785 2056 838 2096 de
866 2055 931 2110 Ey
934 2056 1045 2106 mbe,
1070 2056 1202 2097 Petro
1224 2057 1278 2098 de
1303 2057 1551 2108 Saltmersk,
1575 2066 1619 2100 et

91 2113 288 2155 Johanne
326 2113 518 2154 Waxand
549 2112 766 2162 militibus,
819 2113 999 2153 dominis
1047 2113 1240 2155 Roberto
1272 2114 1325 2156 de
1361 2115 1615 2171 Brompton,

93 2179 136 2212 et
181 2171 416 2212 Maunsero
449 2170 711 2221 Marmioun,
740 2170 951 2212 Willelmo
987 2170 1040 2211 de
1078 2171 1265 2222 Denom,
1293 2172 1527 2214 Hamerico
1564 2174 1618 2215 de

97 2229 238 2278 Trow,
268 2228 453 2269 Girardo
485 2228 538 2269 de
562 2228 737 2284 Kyatre,
766 2228 885 2271 Glas.
924 2228 1248 2278 Aldebrandini‚
1282 2229 1478 2271 Johanne
1503 2230 1621 2272 Mar-

94 2287 246 2340 sopini,
273 2286 402 2326 Petro
423 2285 600 2340 Jacoby,
629 2286 821 2326 Roberto
844 2285 897 2325 de
921 2285 1181 2339 Babthorpe,
1206 2286 1378 2327 Thoma
1398 2287 1451 2327 de
1485 2287 1619 2328 Bern-

95 2343 182 2392 hill,
219 2343 389 2383 Thoma
421 2343 473 2383 de
513 2342 796 2397 Settrington,
834 2350 876 2382 et
898 2342 1038 2382 multis
1060 2343 1163 2384 aliis.
1225 2343 1341 2384 Data
1363 2343 1403 2383 in
1422 2344 1621 2387 Manerio

97 2400 200 2441 dicti
215 2399 374 2440 domini
395 2399 600 2454 Episcopi
617 2399 697 2440 del
725 2400 783 2440 W
793 2398 935 2448 elhall,
952 2401 1074 2455 xxjm0
1089 2399 1158 2440 die
1173 2400 1303 2450 Junii,
1321 2415 1431 2441 anno
1446 2401 1623 2444 Domini

97 2457 354 2512 supradicto.
411 2457 467 2496 Et
487 2456 760 2510 pontificatus
781 2456 946 2510 praefati
970 2456 1170 2511 Episcopi
1192 2457 1354 2513 quinto.
1409 2458 1500 2499 Nos
1522 2474 1623 2503 vero

98 2514 201 2556 dicti
240 2515 365 2555 Prior
399 2523 442 2554 et
482 2514 729 2554 Conventus
750 2513 1001 2567 praedictum
1023 2514 1224 2568 scrIptum
1247 2515 1620 2570 cyrographatum‚

98 2581 303 2629 quantum
340 2571 383 2612 in
424 2571 546 2611 nobis
579 2579 656 2620 est,
691 2570 734 2610 in
767 2570 963 2611 omnibus
1000 2571 1083 2611 suis
1117 2572 1312 2613 clausulis
1347 2573 1621 2626 ratificamus,

98 2630 396 2695 approbaniUS‚
429 2637 471 2669 et
503 2636 649 2669 tenore
680 2627 937 2682 presensium
971 2629 1283 2671 confirmamus.
1346 2630 1396 2671 In
1424 2632 1541 2686 cujus
1563 2633 1625 2674 rei

99 2687 392 2729 testimonium
422 2685 606 2741 sigillum
636 2700 862 2728 commune
884 2685 1058 2742 capituli
1080 2687 1211 2729 nostii
1232 2689 1496 2743 presentibus
1517 2690 1627 2732 dux-
