1807 2962
484 74 761 107 APPENDIX.
791 74 922 105 ΑΝΝμ
940 74 1161 106 MCCCCL.
1467 66 1632 111 cccxxi

98 191 265 226 nostros
289 183 605 238 imperpetuum
636 196 716 237 per
742 189 990 236 p1aesenteS‚
1014 196 1067 222 eo
1089 181 1204 237 quod
1235 196 1436 237 expressa
1458 185 1625 227 mencio

96 241 152 283 de
174 248 279 283 vero
305 241 449 282 valo1e
472 254 551 282 nec
587 240 641 281 de
661 240 805 295 aliquo
827 239 970 280 valore
992 239 1268 289 decimarum,
1291 242 1482 294 parcium
1513 243 1627 284 deci-

96 313 277 349 marum,
303 298 606 349 subsidiorum,
630 297 903 346 auxiliorum,
927 305 1169 353 quotarum,
1193 305 1238 338 et
1259 298 1625 341 contribucionum

94 356 410 411 praedictarum,
434 371 514 397 nec
536 357 590 397 de
612 355 755 411 aliquo
786 363 1022 396 ceterorum
1052 355 1380 409 praemissorum,
1403 364 1475 396 aut
1497 357 1625 398 alicu-

88 414 160 468 jus
191 414 439 464 eorundem,
473 429 547 455 seu
577 412 752 468 alicujus
783 412 915 467 partis
945 412 1193 462 eorundem,
1228 427 1303 453 seu
1333 412 1387 454 de
1415 413 1622 469 aliquibus

93 471 215 513 donis
246 472 333 514 sive
364 470 706 513 concessionibus
730 470 853 510 alicui
875 470 1162 524 praedecessm
1166 484 1236 510 um
1258 470 1489 511 eorundem
1513 486 1622 513 nunc

95 528 255 572 Prioris
277 539 320 572 et
344 530 590 571 Conventus
611 541 655 569 et
675 527 986 568 successoribus
1004 528 1091 568 suis
1126 542 1202 572 rer
1222 527 1404 591 aliquem
1426 529 1623 583 progeni-

92 595 233 628 torum
254 595 497 629 nostrorum
518 595 592 628 aut
614 601 691 626 nos
713 593 810 626 ante
832 585 924 626 haec
943 594 1135 640 tempora
1150 584 1297 625 factis'
1288 600 1329 624 111
1345 600 1393 639 pl
1396 587 1620 628 aesentibns

92 645 206 686 facta
225 660 310 686 non
334 645 493 694 existit,
533 653 606 685 aut
608 642 757 709 ‘quo-d
763 643 863 683 inde
884 643 1056 683 minime
1086 642 1365 683 informamur
1385 654 1458 684 aut
1480 645 1623 699 aliquo

91 711 268 753 statuto,
286 702 581 751 ordinacione,
606 699 899 757 inquisicione‚
924 700 1208 750 restriccione,
1232 709 1342 749 actu,
1367 701 1618 754 plovisione,

92 769 166 802 aut
188 761 270 802 alia
290 775 335 802 re
367 774 649 816 quacumque,
689 759 732 799 in
759 758 1021 799 contrarium
1055 758 1168 800 facta
1204 758 1269 799 vel
1305 758 1511 810 facienda,
1536 774 1621 801 nou

92 819 302 862 obstante.
371 819 420 860 ln
443 818 561 872 cujus
583 824 654 858 etc

209 1089 384 1116 CCXLIV.
421 1089 589 1116 LITERA
621 1090 853 1117 MAGISTRO
887 1090 1093 1118 ,JOHANNI
1129 1091 1244 1118 LAXE
1262 1092 1504 1121 PROCURA-

352 1147 462 1175 TORI
489 1148 662 1175 NOSTRO
688 1148 736 1174 IN
762 1147 902 1175 CURIA
928 1148 1117 1176 ROMANA
1142 1150 1354 1181 DIRECTA.

587 1227 692 1271 [Reg.
711 1225 778 1258 111.
800 1227 899 1258 Parv.
914 1226 970 1258 fol.
989 1229 1042 1258 38.
1062 1227 1112 1267 b.]

151 1300 350 1342 Votivam
392 1301 611 1343 sanitatem
656 1303 835 1344 hominis
880 1303 1110 1357 utriusque,
1146 1318 1242 1344 cum
1277 1304 1451 1345 sincerae
1488 1305 1618 1346 dilec—

88 1358 220 1400 cionis
257 1369 300 1400 et
336 1360 506 1401 hon01is
543 1360 747 1402 continuo
783 1361 1062 1405 incremento.
1132 1361 1277 1402 Amice
1311 1362 1538 1413 carissime,
1563 1364 1618 1404 ad

86 1426 269 1458 vestram
307 1418 474 1459 deduco
509 1419 719 1468 noticiam,
758 1420 887 1475 quod,
925 1419 1096 1474 quidam
1137 1419 1350 1460 Robertus
1390 1420 1615 1474 Erghowe,

87 1476 303 1530 quondam
338 1476 571 1516 monachus
613 1477 743 1517 nostii
781 1476 1022 1517 monasterii
1065 1477 1380 1526 Dunelmensis,
1425 1487 1617 1533 tempore

87 1534 364 1574 antecessmis
397 1534 492 1583 mei,
530 1534 675 1575 habuit
697 1534 913 1575 licenciam
938 1535 1183 1575 transeundi
1205 1544 1248 1575 et
1272 1535 1551 1576 transfeiendi
1573 1551 1616 1577 se

89 1591 145 1632 ad
176 1591 400 1632 arctiorem
422 1591 668 1645 religionem
688 1607 698 1640 3
723 1592 921 1633 videlicet
943 1593 995 1633 ad
1019 1592 1212 1633 ordinem
1238 1593 1431 1634 Fratrum
1457 1594 1619 1634 Praedi-

87 1659 296 1699 catorum,
331 1649 449 1703 cujus
483 1650 652 1705 quidem
688 1650 874 1691 licenciae
897 1650 1070 1691 modum
1094 1660 1136 1691 et
1158 1650 1256 1691 facti
1278 1651 1618 1693 circumstancias

90 1707 243 1748 cedula
275 1707 554 1762 praesentibus
576 1708 802 1748 interclusa
823 1708 1011 1748 declarat
1033 1708 1268 1758 manifeste,
1293 1709 1359 1749 cui
1382 1709 1508 1750 fidem
1531 1725 1621 1751 cre-

87 1765 233 1805 dulam
266 1780 346 1820 pro
379 1764 659 1806 instruccione
692 1766 907 1807 verissima
937 1765 979 1806 in
1011 1766 1090 1806 hac
1119 1775 1238 1820 parte
1274 1766 1509 1819 dignemini
1545 1768 1620 1808 ad-

86 1822 262 1871 hibere3
297 1823 370 1864 sed
398 1825 488 1877 jam
526 1833 717 1878 tempore
750 1839 845 1864 meo
877 1823 989 1864 idem
1025 1824 1254 1873 Robertus,
1288 1824 1506 1874 instanter,
1534 1840 1616 1866 non

85 1895 261 1936 parcens
282 1881 495 1922 laboribus
517 1881 866 1937 quibuscumque,
890 1883 1046 1937 rejecto
1069 1881 1216 1922 habitu
1239 1882 1398 1922 ordinis
1422 1882 1617 1923 Fratrum

87 1938 437 1989 Praedicatorum,
481 1948 525 1980 et
552 1948 773 1995 resumpto
807 1939 953 1980 habitu
990 1939 1242 1989 monachali,
1277 1939 1432 1994 repetit
1474 1940 1615 1981 locum

84 1996 295 2051 priorem;
332 2007 375 2039 et
409 1997 507 2053 quia
542 2012 623 2053 ego
656 1997 907 2038 informatus
940 2012 1031 2038 sum
1053 2012 1128 2052 per
1149 1997 1346 2038 doctores
1369 1997 1550 2038 famosos
1573 2008 1617 2039 et

76 2055 347 2109 jurisperitos
379 2055 495 2111 quod
516 2055 735 2109 religiosus
758 2055 1046 2110 quiscumque,
1071 2055 1184 2096 facta
1204 2055 1466 2110 professione
1490 2071 1616 2110 regu-

83 2113 161 2154 lari
183 2112 226 2153 in
246 2112 388 2179 aliquo
410 2113 569 2162 ordine,
594 2113 627 2153 si
649 2122 809 2168 postea,
829 2112 964 2168 petita
980 2121 1022 2154 et
1044 2113 1221 2154 obtenta
1237 2113 1413 2154 licencia
1426 2114 1615 2170 leonium.

84 2171 147 2211 sui
180 2172 419 2225 superioris,
458 2171 669 2224 ingressus
703 2171 829 2211 fueiit
846 2171 970 2211 aliam
992 2171 1241 2224 religionem
1263 2181 1323 2211 sti
1326 2186 1535 2221 1ccioiem,
1560 2188 1613 2213 eo

83 2228 199 2284 quod
233 2229 405 2283 suscipit
440 2228 630 2269 habitum
663 2229 862 2269 secundae
900 2228 1126 2282 religionis,
1165 2238 1362 2269 censetur
1402 2229 1614 2294 professor

84 2286 299 2341 ejusdem3
334 2285 491 2326 idcirco
522 2286 713 2341 supplico
746 2286 863 2327 vobis
896 2295 942 2325 ut
964 2286 1188 2339 vigilanter
1210 2296 1251 2326 et
1273 2286 1458 2327 studiose
1479 2289 1613 2340 agatis

83 2358 162 2400 pro
195 2359 262 2385 me
295 2344 336 2384 in
367 2345 486 2384 curia
517 2358 557 2383 in
580 2344 657 2384 hac
679 2358 831 2391 causa-3
855 2353 896 2384 et
919 2343 950 2383 si
975 2343 1075 2397 ipse,
1099 2352 1171 2384 aut
1192 2343 1468 2398 quiscumque
1489 2345 1608 2393 alius,

83 2410 283 2457 suggerat
315 2401 356 2441 in
387 2401 533 2442 futuro
559 2401 659 2442 Sedi
686 2401 943 2455 Apostolicae
965 2415 1040 2455 plo
1062 2400 1332 2441 restitucione
1354 2401 1445 2455 ejus
1467 2402 1519 2442 ad
1543 2417 1611 2443 cr-

83 2460 225 2502 dinem
247 2459 553 2509 monachalem,
574 2458 854 2514 interponatis
872 2473 1018 2513 preces
1036 2466 1194 2499 vestras
1207 2457 1410 2524 efficaceS,
1427 2473 1479 2500 ne
1494 2460 1610 2516 quid,

84 2518 200 2574 quod
234 2533 317 2558 non
351 2532 487 2571 spero,
520 2526 669 2557 contra
699 2532 766 2557 me
797 2526 870 2557 aut
894 2516 1190 2557 monasterium
1213 2517 1254 2555 in
1276 2517 1393 2557 curia
1417 2518 1613 2560 Romana

84 2575 228 2617 furtim
248 2584 322 2616 aut
343 2574 525 2616 scienter
546 2574 687 2615 veniat
709 2583 782 2615 aut
803 2574 1007 2629 procedat
1029 2574 1072 2614 in
1089 2574 1384 2628 praejudicium
1407 2575 1613 2617 libertatis

85 2642 243 2674 nostrae
274 2643 318 2674 et
350 2632 509 2673 ordinis
540 2632 814 2674 monachalis.
873 2632 927 2673 Id
957 2641 1099 2673 tamen
1120 2646 1176 2673 ex
1197 2632 1463 2688 quorundam
1484 2633 1616 2675 scien-

85 2691 196 2733 cium
230 2690 371 2733 audivi
404 2690 540 2732 relatu
574 2700 615 2731 et
648 2690 841 2731 doctriua
872 2691 987 2745 quod
1020 2690 1283 2731 beatissimus
1318 2690 1446 2731 Pater
1467 2702 1611 2733 noster

846 2762 875 2787 x
