1807 2962
166 73 348 120 ccccxii
498 83 634 120 ΗΙεΤ.
660 78 898 118 DUNELM.
927 87 1234 119 scn1PT0REs
1261 87 1399 120 TRES.

163 197 349 253 ipsisque
373 196 472 237 vitae
503 194 739 236 necessaria
759 209 807 235 ac
830 193 972 235 omnia
993 209 1089 249 quae
1110 194 1300 249 personis
1321 194 1529 235 debentur
1549 195 1692 237 Chris-

162 255 288 297 tianis
311 253 535 295 ministrari
571 252 788 301 facientes,
826 251 1073 305 dignemini,
1117 261 1244 306 prout
1284 252 1420 293 decet.
1515 252 1692 309 Nosque

161 322 340 362 vestrOS,
365 327 460 354 cum
489 311 543 352 ad
571 319 713 365 partes
736 317 902 349 nostras
923 310 1163 359 acceserint,
1197 309 1366 351 favente
1390 310 1593 360 Domino,
1627 326 1686 352 re-

164 371 369 426 cipiemus
391 379 432 410 et
456 367 726 409 tractabimus
748 366 837 421 pari
860 366 1002 409 modo.
1072 367 1189 408 Data
1210 367 1428 418 Dunelmi,
1452 368 1530 409 sub
1554 368 1691 422 sigillo

161 439 323 478 nostro,
348 435 472 469 sexto
498 426 568 467 die
598 426 753 466 mensis
777 423 949 474 Marcii,
973 439 1085 466 anno
1108 424 1329 466 millesimo
1350 426 1691 481 quingentesimo

161 495 327 529 octavo.

274 755 472 786 CCCXXII.
524 756 735 785 PROVISIO
788 757 844 784 ET
895 757 1153 784 PREFECTIO
1198 757 1371 784 DOMINI
1404 757 1580 785 THOMAE

282 813 539 842 ROWTHALL
606 816 655 843 IN
723 814 985 842 EPISCOPUM
1038 814 1391 842 DUNELMENSEM
1452 815 1579 842 ANNO

748 873 933 901 CHRISTI
977 872 1112 900 MDIX.

464 965 579 1007 [Cart.
595 967 670 998 ΙΙΙ.
685 965 743 998 fol.
757 967 834 998 203.
851 966 883 998 b.
898 969 934 998 et
952 965 1046 1010 Orig.
1078 967 1105 997 1.
1123 967 1154 997 3.
1173 965 1288 1009 Papal.
1307 966 1347 998 C.
1365 967 1411 1009 3.]

222 1062 359 1105 Julius
396 1059 645 1115 Episcopus,
679 1073 820 1100 servus
842 1073 1058 1100 servorum
1093 1058 1192 1109 Dei,
1226 1058 1391 1100 dilectis
1423 1059 1519 1100 filiis
1569 1061 1697 1116 Capi-

162 1122 255 1164 tulo
287 1118 475 1161 ecclesiae
510 1118 813 1159 Dunelmensis
844 1117 1021 1158 salutem
1074 1125 1118 1158 et
1158 1117 1432 1172 apostolicam
1480 1119 1699 1160 benedici-

164 1194 304 1222 onem.
371 1176 518 1218 Hodie
550 1175 739 1218 ecclesiae
771 1185 939 1226 vestrae,
974 1190 1028 1216 ex
1060 1191 1110 1216 eo
1143 1175 1259 1231 quod
1281 1190 1358 1216 nos
1385 1176 1545 1217 dudum
1569 1192 1698 1218 vene-

163 1237 341 1279 rabilem
361 1235 536 1276 fratrem
558 1244 752 1275 nostrum
778 1233 1091 1275 Christoforum
1125 1233 1508 1289 Archiepiscopum
1533 1235 1696 1276 Ebora-

162 1310 346 1340 censem,
381 1303 481 1335 tunc
532 1294 780 1348 episcopum
823 1291 1174 1342 Dunelmensem,
1226 1306 1252 1332 a
1292 1292 1461 1334 vinculo
1492 1308 1578 1349 quo
1619 1293 1697 1348 ipsi

163 1353 353 1397 ecclesiae
387 1350 679 1401 Dunelmensi,
704 1350 771 1392 cui
794 1359 895 1391 tunc
927 1358 1125 1404 praeerat,
1160 1350 1404 1400 tenebatur,
1443 1351 1696 1393 auctoritate

160 1412 407 1469 apostolica,
442 1425 490 1452 ac
512 1410 566 1451 de
595 1409 818 1465 potestatis
850 1408 1094 1463 apostolicae
1125 1408 1402 1462 plenitudine,
1426 1409 1525 1450 licet
1547 1410 1696 1451 absen-

163 1483 265 1521 tem,
299 1469 584 1518 absolventes,
619 1468 755 1523 ipsum
779 1466 833 1508 ad
855 1466 1078 1508 ecclesiam
1102 1466 1431 1517 Eboracensem,
1456 1476 1555 1508 tunc
1578 1478 1696 1509 certo
1742 1507 1747 1510 .

161 1529 292 1572 modo
323 1536 560 1576 vacantem,
595 1526 649 1567 de
681 1526 858 1567 fratrum
900 1533 1144 1566 nostrorum
1177 1524 1355 1565 consilio
1387 1525 1694 1576 transtulimus,

160 1586 437 1643 praeficiendo
470 1600 567 1626 eum
589 1584 729 1626 eidem
751 1583 941 1625 ecclesiae
966 1582 1225 1624 Eboracensi
1247 1582 1289 1622 in
1316 1583 1693 1639 Archiepiscopum

164 1655 206 1687 et
235 1654 465 1701 pastorem,
499 1642 679 1698 pastoris
711 1640 868 1683 solacio
899 1641 1129 1691 destitutae,
1163 1641 1216 1682 de
1248 1655 1430 1695 persona
1451 1642 1596 1683 dilecti
1619 1642 1696 1683 filii

165 1704 348 1745 Thomae
370 1701 496 1744 electi
520 1700 820 1742 Dunelmensis
842 1699 964 1741 nobis
986 1707 1030 1740 et
1052 1699 1208 1741 eisdem
1231 1698 1429 1741 fratribus
1452 1700 1506 1740 ob
1524 1715 1695 1741 suorum

163 1761 428 1819 exigenciam
475 1760 726 1801 meritorum
768 1767 955 1813 accepta,
1000 1758 1053 1799 de
1075 1756 1199 1799 simili
1231 1756 1407 1799 consilio
1443 1757 1696 1800 auctoritate

163 1819 344 1875 praefata
364 1818 638 1874 providimus,
671 1817 894 1872 ipsumque
924 1815 983 1857 illi
1015 1815 1279 1871 praefecimus
1310 1817 1353 1856 in
1385 1815 1630 1871 episcopum
1654 1824 1696 1857 et

161 1886 391 1933 pastorem,
425 1890 569 1917 curam
600 1884 643 1916 et
689 1873 1103 1915 administracionem
1139 1873 1268 1928 ipsius
1309 1873 1500 1915 ecclesiae
1533 1874 1697 1915 Dunel-

160 1934 317 1977 mensis
349 1934 429 1975 sibi
450 1933 493 1973 in
515 1932 786 1987 spirtualibus
817 1941 861 1973 et
892 1931 1195 1986 temporalibus
1216 1931 1405 1987 plenarie
1428 1931 1697 1973 committen-

162 1993 233 2043 do,
265 2000 392 2047 prout
424 1991 467 2032 in
498 1990 651 2031 nostris
684 1990 784 2030 inde
817 1989 1017 2031 confectis
1058 1989 1190 2030 literis
1230 1989 1394 2044 plenius
1436 1989 1693 2033 continetur.

164 2051 381 2100 Quocirca
410 2047 659 2089 discrecioni
691 2055 842 2089 vestrae
872 2062 949 2103 per
979 2047 1212 2102 apostolica
1241 2049 1398 2102 scripta
1429 2048 1694 2098 mandamus,

162 2109 359 2166 quatinus
391 2107 527 2149 eidem
561 2106 745 2147 Thomae
789 2114 990 2162 tanquam
1032 2105 1144 2161 patri
1188 2114 1232 2146 et
1273 2106 1429 2161 pastori
1461 2107 1695 2147 animarum

161 2177 399 2209 vestrarum
430 2165 648 2206 humiliter
689 2164 977 2214 intendentes,
1020 2178 1068 2204 ac
1100 2163 1352 2205 exhibentes
1383 2163 1460 2205 sibi
1492 2164 1695 2206 obedien-

161 2226 271 2268 ciam
302 2233 347 2266 et
380 2224 666 2265 reverenciam
697 2222 862 2264 debitas
893 2230 936 2263 et
977 2222 1166 2272 devotas,
1200 2222 1289 2277 ejus
1321 2222 1504 2263 salubria
1534 2222 1697 2264 monita

161 2293 204 2326 et
227 2283 430 2325 mandata
457 2280 692 2336 suscipiatis
725 2280 954 2330 humiliter,
989 2289 1032 2321 et
1074 2280 1300 2322 efficaciter
1346 2281 1588 2335 ademplere
1624 2295 1697 2322 cu-

161 2341 277 2392 retis,
311 2339 497 2396 alioquin
527 2340 790 2381 sentenciam
821 2353 948 2394 quam
970 2337 1081 2379 idem
1114 2338 1304 2380 Thomas
1326 2338 1486 2380 electus
1514 2338 1593 2379 rite
1630 2348 1697 2379 tu-

163 2400 258 2442 lerit
279 2399 321 2440 in
345 2399 525 2440 rebelles
547 2406 680 2438 ratam
704 2396 968 2446 habebimus,
993 2404 1036 2437 et
1052 2395 1267 2447 faciemus,
1286 2406 1462 2438 auctore
1484 2396 1691 2446 Domino,

162 2473 297 2514 usque
348 2457 402 2499 ad
452 2456 790 2498 satisfaccionem
841 2455 1096 2511 condignam
1137 2454 1407 2496 inviolabiter
1465 2454 1696 2496 observari.

162 2517 281 2558 Data
315 2516 480 2565 Romae,
504 2513 619 2570 apud
640 2522 832 2554 sanctum
858 2513 1046 2562 Petrum,
1080 2527 1192 2554 anno
1213 2513 1517 2554 incarnacionis
1540 2511 1695 2554 Domi-

160 2574 268 2615 nicae
310 2573 534 2614 millesimo
581 2570 922 2628 quingentesimo
958 2585 1086 2621 nono,
1138 2570 1272 2613 tercio
1315 2570 1519 2612 kalendas
1561 2569 1694 2620 Junii,

162 2631 433 2687 pontificatus
466 2632 599 2672 nostri
631 2644 742 2671 anno
766 2638 899 2672 sexto.
