1807 2962
467 60 743 93 APPENDIX.
773 59 892 92 ANN.
922 59 1250 92 mcccxcvm.
1464 47 1615 95 clxxxi

76 170 233 212 mediae
255 170 456 211 fenestrae
479 169 519 210 in
543 169 673 211 domo
697 167 944 211 Comunarii
965 167 1146 217 situatae,
1172 167 1235 209 vel
1266 166 1475 217 melioris3
1507 184 1610 225 qua-

73 237 171 270 tuor
206 244 309 270 vero
342 228 436 269 aliae
473 228 669 269 fenestrae
703 235 825 268 erunt
860 235 1166 281 competentes
1186 234 1229 267 et
1251 225 1304 266 de
1325 226 1440 267 bono
1462 242 1605 281 opere,

70 302 151 342 pro
187 287 408 328 voluntate
444 286 656 327 dictorum
681 285 839 326 Prioris
874 294 916 326 et
940 285 1188 326 Conventus
1211 283 1433 338 eligendae.
1498 285 1606 334 Qui-

69 345 176 386 libet
207 360 309 386 vero
347 344 432 386 bini
465 344 565 385 lecti
596 343 917 393 monachorum,
941 357 1068 407 supra
1098 342 1256 383 dictam
1279 342 1450 392 voltam,
1475 342 1606 385 habe-

68 402 176 444 bunt
213 418 339 444 unam
374 403 532 443 bonam
574 402 803 443 fenestram
840 416 917 456 pro
955 400 1038 442 suis
1072 400 1219 441 studiis
1256 409 1602 455 competentem·
1592 433 1602 450 ,

68 475 165 517 quae
201 461 372 527 quidem
406 461 601 501 fenestrae
627 469 753 501 erunt
773 459 962 513 ejusdem
997 459 1147 499 formae
1180 459 1298 513 cujus
1330 467 1394 500 est
1416 458 1604 501 fenestra

67 519 194 560 studii
226 519 439 561 vicinioris
477 517 667 559 ecclesiae
701 517 891 572 ejusdem
929 518 1088 571 partis3
1137 526 1180 558 et
1214 531 1341 572 supra
1377 517 1603 572 quodlibet

66 577 253 618 studium
276 577 355 618 erit
370 592 500 617 unum
525 575 736 617 modicum
761 584 803 617 et
824 590 1020 616 securum
1042 575 1293 625 archewote‚
1318 589 1445 629 supra
1467 576 1598 631 quod,

66 635 211 690 spacio
242 634 503 690 competenti
537 633 807 689 interposito,
831 633 912 674 erit
945 648 1028 674 una
1060 633 1236 674 historia
1272 642 1371 674 octo
1393 633 1601 675 fenestra-

66 708 175 744 rum,
199 694 389 749 ejusdem
412 693 559 733 formae
582 693 701 744 cujus
724 700 786 733 est
824 691 1010 733 fenestra
1041 692 1233 747 superior
1254 700 1297 733 et
1319 691 1601 748 propinquior

65 751 216 805 parieti
243 751 495 793 Monasterii
518 750 711 805 praedicti
732 750 774 790 in
796 749 1063 791 Dormitorio
1085 749 1318 804 praedit-tog
1351 759 1395 790 et
1418 750 1602 805 desuper

65 810 189 850 istam
211 809 428 851 historiam
450 808 729 850 fenestrarum
752 817 877 849 erunt
898 808 1078 849 honesta
1095 808 1234 849 alours
1253 816 1295 848 et
1312 808 1600 865 bretesmont}

65 867 270 909 batellata
290 878 331 909 et
354 867 602 917 kirnellata3
637 882 733 922 quae
765 866 938 922 quidem
961 866 1100 906 alours
1123 867 1452 922 et'bretisment}
1475 877 1600 908 erunt

65 926 120 965 de
158 941 265 980 puro
298 925 456 967 achiler
491 935 529 966 et
566 925 691 980 plane
733 924 876 974 inciso,
911 933 998 965 tam
1031 924 1217 965 exterius
1249 940 1376 980 quam
1408 924 1597 966 interius⁰

68 983 223 1025 RIurus
260 999 362 1025 vero
385 983 601 1024 orientalis
638 983 827 1037 ejusdem
852 982 1119 1033 Dormitorii‚
1141 983 1260 1024 :inter
1287 983 1599 1024 Monasterium

63 1041 316 1096 praedictum
339 1050 381 1083 et
402 1041 691 1082 Refectorium
713 1041 839 1082 dictae
861 1041 1101 1091 Abbathiae,
1125 1041 1389 1096 asuperficie
1411 1041 1598 1083 Claustri

64 1099 144 1140 erit
165 1101 330 1154 planus,
356 1115 450 1141 cum
473 1101 632 1141 securis
661 1109 941 1153 scarcementg
972 1099 1213 1140 necessariis
1245 1099 1298 1140 de
1323 1100 1598 1141 mundissimo

63 1157 206 1212 lapide
239 1158 412 1208 achilei·,
437 1158 560 1212 plane
591 1157 722 1199 inciso
753 1156 953 1206 exterius,
977 1167 1018 1198 et
1039 1158 1239 1211 roghwall
1264 1157 1467 1206 interius;
1500 1173 1598 1199 cum

63 1216 213 1258 studiis
245 1226 288 1257 et
320 1216 511 1257 fenestris
537 1225 623 1256 tam
645 1215 912 1257 inferioribus
935 1230 1059 1269 quam
1082 1215 1382 1269 superior-ibus,
1407 1216 1595 1270 ejusdem

64 1285 191 1316 sectae
227 1275 347 1329 cujus
379 1275 460 1315 erit
492 1289 635 1314 murus
667 1274 771 1315 alius
804 1273 1056 1317 antedictus.
1126 1274 1181 1314 Et
1213 1273 1293 1314 erit
1325 1274 1364 1314 le
1397 1275 1598 1330 beddyng

64 1332 290 1387 cujuslibet
312 1332 470 1374 achiler
491 1332 682 1387 ponendi
704 1332 745 1372 in
768 1331 847 1372 isto
870 1347 999 1386 opere
1021 1331 1297 1386 longitudinis
1321 1331 1442 1372 unius
1478 1332 1599 1387 pedis

62 1390 117 1431 de
139 1391 281 1441 assisa,
305 1391 372 1432 vel
394 1390 614 1445 longioris,
678 1390 772 1431 Erit
795 1389 926 1431 eciam
949 1390 988 1431 le
1011 1390 1245 1445 sowtgavill
1267 1390 1456 1445 ejusdem
1481 1391 1599 1432 Dor-

64 1449 237 1499 mitorii,
262 1464 286 1490 a
307 1458 426 1504 parte
443 1447 637 1489 inferiori
661 1464 792 1504 usque
815 1449 868 1489 ad
891 1448 1161 1489 altitudinem
1183 1457 1516 1503 competentem,
1540 1448 1595 1490 de

62 1521 169 1561 puro
205 1507 364 1548 achiler
397 1507 598 1556 exterius,
623 1515 666 1547 et
700 1506 871 1547 inferius
891 1507 944 1547 de
968 1506 1201 1561 roghwall3
1235 1521 1330 1547 cum
1352 1506 1592 1557 latitudine,

61 1565 346 1619 spissitudine,
370 1565 658 1617 bretisment3,
682 1575 723 1605 ct
760 1565 915 1615 almus,
940 1564 1068 1605 muris
1102 1564 1325 1605 antedictis
1346 1580 1596 1620 correspon-

62 1624 167 1664 dens
190 1633 232 1664 et
253 1624 507 1664 conveniens
529 1639 538 1664 ε
573 1622 615 1662 in
637 1638 723 1678 quo
745 1623 919 1678 quidem
941 1622 1066 1676 gavill
1085 1623 1166 1663 erit
1183 1638 1266 1663 una
1284 1638 1437 1677 magna
1458 1624 1598 1665 fenes-

62 1690 139 1731 tra,
180 1681 234 1722 ad
271 1682 538 1722 voluntatem
571 1689 614 1722 et
651 1680 871 1722 arbitrium
905 1680 1008 1721 dicti
1031 1680 1190 1722 Prioris
1220 1681 1432 1725 facienda.
1502 1681 1596 1722 Erit

62 1739 196 1780 eciam
230 1739 272 1779 in
304 1739 448 1795 aliquo
470 1739 565 1779 loco
601 1739 863 1793 competenti
885 1753 960 1793 per
981 1738 1282 1780 discrecionem
1306 1739 1407 1780 dicti
1431 1754 1597 1781 cemen-

63 1797 159 1838 tarii
181 1797 390 1854 eligendo,
415 1797 692 1838 assensorium
718 1806 914 1837 vocatum
948 1812 1036 1852 vJ'S,
1061 1812 1137 1851 pro
1166 1798 1437 1838 ascendendo
1470 1813 1599 1853 supra

61 1855 223 1896 dictum
263 1854 569 1896 Dormitorium
588 1870 598 1903 3
632 1864 675 1896 et
707 1870 813 1909 opus
835 1855 946 1896 istud
971 1854 1051 1896 erit
1074 1854 1115 1894 in
1138 1854 1368 1909 parietibus
1390 1856 1498 1897 adeo
1521 1856 1596 1897 de-

59 1913 195 1954 centis
209 1914 359 1954 formae
381 1922 423 1954 et
436 1913 708 1962 fortitudinis,
733 1913 797 1953 vel
815 1912 1012 1963 melioris,
1033 1913 1097 1967 cuj
1107 1928 1152 1953 us
1170 1922 1232 1954 est
1249 1914 1445 1969 quaedam
1469 1914 1595 1955 turris

61 1972 103 2012 in
126 1980 265 2013 castro
300 1972 355 2013 de
380 1972 634 2026 Branspeth,
659 1980 810 2012 vocata
831 1971 870 2012 le
908 1971 1258 2019 Constabiltour3
1292 1987 1388 2028 quae
1421 1972 1597 2028 quidem

61 2031 188 2070 turris
210 2029 290 2071 erit
312 2030 532 2085 exemplar
553 2029 676 2084 hujus
699 2029 853 2083 operis.
919 2029 976 2070 Et
999 2028 1078 2069 erit
1100 2029 1261 2070 dictum
1284 2045 1389 2084 opus
1412 2031 1597 2071 finaliter

61 2088 324 2142 completum
358 2087 466 2128 infra
499 2096 583 2128 ties
621 2102 755 2128 anuos
792 2087 946 2128 festum
988 2087 1153 2128 Natalis
1194 2087 1370 2128 Domini
1399 2090 1596 2143 proxime

60 2145 177 2186 futui
183 2161 251 2186 um
284 2145 530 2186 inmediate
563 2155 800 2201 sequentes.
869 2145 925 2185 Et
956 2145 1184 2199 praedictus
1209 2145 1491 2186 cementarius
1515 2161 1597 2187 wa-

61 2203 290 2254 lanti3abit
312 2213 355 2244 et
384 2203 638 2244 sustentabit
656 2203 829 2243 woltam
861 2202 970 2243 infra
1000 2203 1252 2258 piaedictum
1286 2203 1598 2244 Dormitorium

62 2276 178 2301 nunc
209 2260 474 2310 existentem,
499 2261 606 2302 adeo
637 2261 752 2301 bono
779 2270 895 2300 statu
926 2260 1034 2301 sicut
1066 2269 1129 2300 est
1161 2260 1294 2301 indie
1316 2260 1595 2301 confectionis

61 2318 352 2373 praesentium,
386 2319 544 2373 absque
581 2318 720 2373 aliqua
751 2317 1085 2358 (leteiimacione
1124 2318 1328 2371 ejusdem
1396 2319 1452 2358 Et
1482 2318 1596 2359 idem

60 2375 339 2417 cementarius
367 2375 559 2416 inveniet
596 2375 842 2415 omnimoda
859 2375 1056 2429 eariagia,
1076 2375 1196 2415 dicto
1218 2375 1335 2428 operi
1357 2376 1595 2439 quomodo-

61 2433 166 2475 libet
197 2443 434 2488 oportuna3
468 2433 634 2487 fianget
656 2447 906 2488 quar'el‘dm·
896 2464 908 2480 ‚
941 2432 1106 2473 ardebit
1137 2433 1324 2481 calcem,
1357 2448 1406 2474 ac
1444 2444 1547 2475 1nsti
1551 2450 1598 2474 u-

61 2500 206 2532 menta
226 2491 377 2541 ferrea,
401 2499 446 2531 et
467 2490 623 2545 lignea,
646 2491 728 2531 alia
759 2505 928 2545 quoque
951 2506 1048 2532 vasa
1069 2505 1347 2545 quaecunque,
1372 2506 1466 2531 cuin
1490 2493 1596 2533 scaf-

61 2549 209 2599 faldes,
234 2558 434 2604 seyntreS,
459 2558 502 2589 et
532 2548 687 2598 flekes,
710 2556 753 2588 et
785 2548 873 2588 aliis
906 2547 1160 2589 omnimodis
1196 2549 1438 2589 necessariis
1471 2564 1597 2604 opor-

63 2607 188 2656 tunis,
213 2607 451 2662 sumptibus
478 2605 655 2661 propriis
674 2615 715 2646 et
738 2607 934 2659 expensis
954 2621 963 2654 3
997 2605 1187 2659 exceptis
1209 2620 1388 2662 quarera
1411 2616 1495 2647 tam
1519 2623 1596 2662 pro

60 2664 278 2719 lapidibus
316 2680 444 2721 quam
481 2679 557 2719 pro
596 2664 727 2713 ealce,
752 2664 973 2713 meremio,
998 2679 1046 2705 ac
1081 2663 1208 2718 virgis
1245 2679 1322 2719 pro
1346 2664 1468 2705 dictis
1490 2667 1598 2706 scaf-

61 2722 209 2773 faldes,
234 2731 409 2774 sentres,
434 2732 477 2770 et
499 2722 650 2773 flekeS,
666 2736 761 2778 quae
784 2722 921 2763 dictus
947 2722 1070 2765 Prior
1087 2721 1287 2777 assignari
1310 2722 1437 2764 faciet
1459 2723 1599 2765 eidem

781 2793 815 2820 M
840 2783 864 2819 3
