1807 2962
189 107 284 150 15⁴2
508 118 642 151 HIST.
667 116 902 151 DUNELm.
928 115 1233 150 SCRIPTORES
1257 115 1398 149 TRES.

187 241 275 268 non
308 226 463 283 potuit.
529 226 617 268 Hie
650 225 862 281 reparavit
896 225 1064 266 tertiam
1097 233 1261 280 partem
1296 223 1443 266 Pontis
1468 224 1564 281 [de]
1589 224 1715 282 Tyne

188 300 334 326 versus
383 295 583 327 austrum.
665 284 909 327 Ditissimus
951 284 1189 325 habebatur
1228 283 1421 324 subditus
1461 298 1539 337 per
1579 293 1715 326 totam

190 344 404 399 Angliam.
468 343 556 385 Hic
587 343 773 384 residens
805 341 933 383 curiae
964 350 1054 383 erat
1086 343 1342 383 constitutus
1364 356 1441 397 per
1466 342 1644 398 Regem,
1668 351 1715 384 ut

188 401 343 443 librum
375 401 577 443 scriberet
599 401 651 442 de
674 401 805 442 totius
829 400 893 442 sui
913 399 1032 456 regni
1055 408 1167 442 statu
1187 416 1197 449 3
1230 401 1433 456 quoniam
1459 400 1568 458 Regi
1590 409 1715 442 notus

190 469 278 502 erat
312 460 365 501 ad
395 459 477 501 hoc
509 474 613 514 opus
639 459 945 514 perficiendum
968 458 1154 499 maxime
1176 458 1382 507 idoneus;
1416 474 1542 515 quem
1563 458 1716 501 librum

190 526 339 573 postea
382 518 481 559 Rex
522 518 743 573 imperavit
786 516 1001 558 Cardinali
1040 517 1238 573 Wolsey,
1274 525 1321 558 ut
1356 516 1412 558 ad
1454 517 1717 573 Episcopum

190 577 340 627 adiret,
380 585 423 617 et
456 577 547 631 ejus
583 576 791 632 majestati
829 576 1073 616 adduceret.
1152 574 1386 631 Episcopus
1424 584 1566 617 autem
1610 576 1716 617 duos

192 636 496 690 conscripserat
511 634 665 684 libros;
688 649 820 675 unum
839 633 1072 675 secundum
1099 633 1224 690 Regis
1240 633 1511 683 mandatum3
1536 634 1716 676 alterum

190 693 244 734 de
276 694 402 735 rebus
434 692 616 749 propriis
654 700 934 741 tractantem,
969 691 1144 732 omnino
1175 706 1295 746 pares
1327 700 1369 733 et
1394 693 1438 733 in
1461 692 1717 747 tegminibus

191 751 310 802 albis,
345 752 399 792 de
430 751 683 793 membranis
716 751 945 805 vulgariter
974 752 1122 794 vellum
1153 749 1288 800 dictis,
1313 750 1466 806 aequali
1488 750 1716 802 volumine,

191 809 436 861 constructi,
469 810 576 852 adeo
598 818 644 851 ut
666 810 773 851 alter
805 810 857 850 ab
878 809 1014 850 altero
1036 808 1210 850 decerni
1232 808 1350 849 nullo
1373 808 1501 849 modo
1522 818 1689 864 poterat
1707 824 1718 858 ;

191 867 264 925 qui
296 868 467 925 quidem
499 867 595 909 libri
625 883 721 909 cum
744 876 882 909 essent
902 868 943 907 in
967 882 1126 908 musaeo
1146 867 1288 921 positi,
1312 867 1479 909 cuidam
1501 882 1622 908 servo
1643 883 1719 909 suo

193 926 235 967 in
266 926 466 968 mandato
501 926 737 981 Episcopus
769 925 899 976 dedit,
923 934 970 966 ut
992 925 1177 967 adferret
1198 925 1276 966 sibi
1297 925 1451 966 librum
1473 926 1569 967 alba
1589 940 1720 967 mem-

192 985 327 1026 brana
362 986 708 1026 circumcinctum
730 1000 740 1033 3
775 999 901 1040 quem
937 998 1032 1024 cum
1072 983 1306 1038 Episcopus
1329 984 1382 1025 ab
1401 999 1452 1025 eo
1474 985 1651 1038 accepit,
1676 993 1719 1025 et

191 1058 279 1084 non
316 1044 572 1098 inspexerat,
607 1042 820 1084 Cardinali
851 1042 991 1082 statim
1026 1040 1201 1082 tradidit
1222 1042 1375 1082 librum
1390 1057 1540 1084 revera
1560 1042 1614 1083 de
1635 1042 1720 1084 suis

193 1101 400 1143 thesauris
437 1109 716 1150 tractantem;
750 1100 973 1157 ignorante
1008 1108 1147 1140 tamen
1181 1099 1262 1140 hoc
1296 1099 1523 1155 Episcopo.
1590 1100 1720 1148 Quod

194 1175 290 1200 cum
324 1158 581 1214 intelligeret
617 1157 868 1206 Cardinalis,
905 1158 1077 1213 quinam
1109 1167 1219 1199 esset
1244 1157 1365 1209 liber,
1389 1158 1516 1200 tacite
1538 1158 1719 1200 multum

192 1218 420 1259 laetabatur
440 1218 659 1258 continuo.
714 1216 836 1256 Enim
859 1231 953 1257 eum
976 1215 1085 1257 libro
1106 1215 1160 1257 ad
1185 1216 1352 1270 Regem
1373 1216 1560 1267 accessit,
1583 1227 1627 1259 et
1643 1217 1720 1258 sibi

192 1276 325 1326 dedit,
360 1276 534 1331 ejusque
570 1274 666 1316 libri
702 1289 909 1316 summam
944 1274 1134 1315 breviter
1162 1274 1480 1340 demonstravit,
1504 1275 1585 1316 hoc
1612 1275 1721 1331 Regi

193 1349 436 1389 suggerens,
469 1333 584 1390 quod
607 1348 702 1375 cum
725 1342 851 1374 antea
871 1332 1064 1388 pecuniae
1085 1348 1250 1375 summa
1266 1348 1310 1375 se
1333 1333 1395 1375 uti
1416 1333 1524 1375 velle
1546 1333 1717 1386 dixerit,

193 1408 280 1434 non
312 1407 417 1447 opus
440 1401 563 1443 esset,
587 1401 635 1433 ut
657 1392 832 1433 ulterius
854 1401 1076 1448 quaereret,
1101 1406 1227 1447 quam
1249 1392 1303 1433 ab
1324 1392 1527 1448 episcopo
1551 1391 1721 1434 Thoma

197 1451 387 1502 Ruthall,
425 1451 497 1508 qui
538 1451 773 1492 secundum
815 1460 1009 1492 tenorem
1046 1449 1289 1504 patrimonii
1323 1450 1386 1491 sui
1416 1450 1513 1491 libri
1553 1450 1720 1493 divitias

195 1525 289 1551 suas
327 1509 562 1552 numeravit
598 1524 732 1565 prope
769 1509 823 1550 ad
857 1508 1086 1550 valentiam
1126 1512 1221 1559 100,
1228 1508 1371 1550 000l*
1449 1509 1580 1558 Quod
1622 1523 1719 1551 cum

192 1569 405 1610 intellexit
428 1568 663 1624 Episcopus
684 1568 801 1624 quod
820 1567 999 1617 fecisset,
1024 1575 1065 1608 et
1086 1567 1201 1622 quod
1218 1576 1380 1609 rectum
1396 1567 1550 1608 librum
1571 1567 1722 1609 Cardi-

195 1627 280 1668 nali
314 1642 400 1668 non
433 1627 626 1678 dederat,
663 1642 725 1667 rei
763 1626 911 1667 dolore
941 1640 1174 1680 percusSUS,
1199 1625 1304 1666 obiit
1329 1625 1583 1691 Loudoniae,
1607 1641 1720 1668 anno

199 1685 376 1727 Domini
414 1699 598 1730 MDxxn.
665 1685 768 1726 Post
806 1684 923 1739 cujus
956 1692 1141 1725 mortem
1171 1684 1408 1726 Cardinalis
1431 1684 1723 1740 episcopatum

196 1744 531 1786 Dunehnensem
546 1744 674 1799 paulo
696 1752 793 1798 post
814 1758 839 1784 a
863 1744 983 1797 Rege
1005 1742 1199 1784 obtinuit.

257 1802 446 1844 Thomas
474 1802 645 1851 Castell,
672 1802 853 1851 Doctor,
888 1812 1052 1842 creatus
1074 1800 1153 1841 fuit
1175 1801 1218 1841 in
1243 1799 1434 1842 Priorem
1459 1801 1726 1843 Dunelmen-

197 1875 285 1901 sem
308 1876 422 1902 anno
446 1859 623 1902 Domini
647 1872 920 1900 Mccccxcrv.
959 1867 1000 1900 et
1038 1858 1156 1899 stetit
1189 1859 1231 1899 in
1267 1858 1457 1913 prioratu
1480 1874 1571 1900 xxv
1592 1860 1717 1901 annis.

199 1918 414 1973 Tempore
435 1919 573 1973 hujus,
598 1918 678 1958 hoe
700 1926 764 1958 est
784 1919 828 1958 in
850 1931 962 1957 anno
986 1915 1164 1957 Domini
1179 1930 1299 1967 MDJI,
1318 1932 1460 1958 mense
1485 1933 1583 1959 vero
1604 1918 1722 1969 Julii,

196 1975 309 2017 circa
331 1976 456 2018 Divae
493 1977 753 2030 Margaretae
790 1975 960 2024 festum,
985 1988 1185 2031 magnum
1209 1974 1327 2016 Deus
1351 1975 1617 2030 omnipotens
1649 1991 1726 2032 per

196 2049 317 2075 suum
339 2034 646 2075 sanctissimum
668 2033 894 2098 praesulem
927 2033 1212 2074 Cuthbertum
1244 2032 1287 2073 in
1331 2033 1519 2075 Ricardo
1561 2035 1724 2085 Pooell,

197 2092 346 2160 inclyti
370 2092 551 2135 Henrici
580 2092 707 2146 Regis
730 2091 897 2146 septimi
931 2090 1084 2133 cliente
1106 2099 1233 2147 atque
1255 2091 1449 2133 familiari
1486 2093 1724 2150 obsequen-

199 2152 373 2202 tissimo,
397 2151 645 2193 miraculum
664 2159 864 2206 operatus
887 2158 964 2192 est.
1008 2149 1093 2197 Qui
1115 2149 1288 2206 quidem
1314 2150 1568 2202 Ricardus,
1558 2167 1727 2194 msana-

197 2210 272 2252 bili
294 2211 422 2265 longo
444 2219 649 2266 tempore,
674 2209 873 2265 nullaque
895 2207 1157 2250 medicorum
1175 2217 1281 2259 arte,
1301 2224 1433 2264 opera
1449 2209 1535 2252 sive
1552 2210 1726 2252 seientia

199 2285 274 2312 cur
277 2269 389 2321 abili,
433 2270 629 2311 detentus
662 2266 928 2322 aegritudine,
972 2265 1074 2322 quid
1096 2275 1255 2323 ageret,
1279 2282 1416 2323 quove
1458 2283 1502 2310 se
1524 2277 1722 2320 verteret,

196 2330 431 2385 ignorabat.
497 2327 607 2368 Nam
629 2327 716 2381 ejus
738 2334 899 2376 venter,
918 2326 1043 2381 juxta
1080 2324 1231 2376 femur,
1270 2326 1380 2367 adeo
1411 2325 1566 2368 fractus
1599 2335 1727 2384 atque

196 2389 367 2431 inflatus
389 2395 491 2437 erat,
511 2395 557 2427 ut
577 2386 694 2426 nuda
709 2384 874 2440 penitus
893 2384 1126 2439 penderent
1141 2383 1356 2435 intestina,
1372 2399 1468 2441 quae
1485 2385 1591 2426 nihil
1610 2386 1726 2427 aliud

197 2456 352 2503 pre-aeter
374 2445 628 2488 tenuissimae
659 2442 870 2498 pelliculae
893 2442 1158 2484 obstaculum
1180 2457 1380 2498 suspensa
1400 2444 1587 2494 tenebat,
1611 2443 1726 2501 quod

197 2506 342 2548 curiali
365 2504 549 2561 quodam
571 2516 796 2558 oppressus
819 2500 996 2556 pudore,
1020 2500 1175 2542 nemini
1196 2501 1384 2543 revelare
1406 2502 1725 2546 3111101101.Εο-

198 2565 296 2607 dem
318 2566 461 2619 itaque
484 2570 689 2616 tempore,
722 2560 878 2616 inclyta
913 2559 1175 2614 Mar-gruem,
1213 2559 1423 2625 praelibati
1457 2560 1588 2615 Regis
1624 2559 1723 2610 filia,

198 2624 362 2665 ι11100110
390 2623 616 2663 Scotorum
642 2619 751 2674 Regi
773 2626 939 2675 quarto,
963 2618 1191 2684 hymenaeo
1212 2618 1365 2673 juncta
1386 2618 1587 2669 thalamo,
1622 2620 1725 2661 Sco-

199 2682 300 2724 tiam
351 2679 587 2722 concessit·
578 2709 589 2725 ,
641 2692 832 2733 «amque,
876 2678 1008 2733 patris
1057 2675 1310 2718 serenissimi
1344 2677 1478 2732 jussu,
1520 2692 1586 2733 pr
1574 2677 1722 2720 ‘efatus

619 2815 635 2830 ἢ·
655 2810 739 2842 This
757 2820 832 2842 sum
849 2810 966 2843 stands
982 2820 1074 2852 upon
1092 2820 1134 2842 an
1152 2820 1303 2844 erasure.
