1807 2962
461 130 732 163 APPENDIX.
763 129 882 163 ANN.
912 130 1187 163 Mccccxm.
1459 115 1592 162 cclxv

64 239 280 283 concessio
315 237 470 279 nullius
511 236 565 278 sit
598 237 760 279 roboris
794 236 862 279 vel
883 237 1101 279 momenti.
1165 236 1283 278 Nulli
1300 250 1401 289 ergo
1423 238 1596 279 omnino

65 297 285 340 hominum
319 296 443 338 liceat
475 296 582 337 hanc
603 295 800 352 paginam
824 304 980 337 nostrae
1001 295 1287 337 concessionis
1308 303 1350 336 et
1371 295 1597 338 voluntatis

63 356 311 412 infringere,
351 354 418 396 vel
449 354 487 395 ei
509 369 612 395 ausu
637 353 863 395 temerario
885 355 1110 397 contraire.
1178 353 1221 395 Si
1239 353 1331 409 quis
1353 363 1495 395 autem
1517 356 1598 397 hoc

62 421 317 469 attemptare
359 411 675 467 presumpserit,
715 411 1056 468 indignacionem
1088 411 1394 467 omnipotentis
1418 413 1515 464 Dei,
1559 422 1601 455 et

63 474 288 514 beatorum
324 470 443 511 Petri
479 477 522 511 et
563 469 682 512 Pauli
715 470 1005 525 apostolorum
1027 472 1131 526 ejus,
1156 485 1199 511 se
1223 471 1387 512 noverit
1409 470 1601 513 incursu--

66 545 175 573 rum.
241 529 359 569 Data
393 527 612 577 Penariae,
647 542 758 568 anno
791 527 1096 569 incarnacionis
1127 527 1369 570 Dominicae
1391 534 1476 569 Μιῐῃῡ
1498 545 1602 585 qua-

67 586 400 643 dringentesimo
442 585 656 626 tricesimo
689 585 882 640 septimo,
921 585 1177 628 duodecimo
1209 586 1411 629 kalendas
1443 588 1599 643 aprilis,

62 645 334 701 pontificatus
356 644 489 685 nostri
507 658 616 685 anno
638 654 801 686 octavo.

190 988 348 1018 ccxxv,
385 987 586 1015 DiMISsio
625 973 725 1031 [ita]
762 986 948 1014 Pmoms
981 986 1309 1015 DUNOLMENSIS
1344 989 1487 1017 FACTA

186 1045 420 1073 MAGISTRO
454 1045 661 1073 ,IOHANNI
694 1044 886 1072 NORTON
920 1045 975 1072 ET
1007 1045 1241 1074 MAGISTRO
1279 1046 1486 1075 ,IOHANNI

187 1104 478 1132 BEAMMONTT
499 1104 558 1131 AD
582 1102 940 1131 INSTALLANDUM
966 1103 1240 1133 EPISCOPUM.

368 1196 483 1238 [Cart.
500 1197 574 1229 III.
591 1196 647 1229 fol.
664 1198 732 1230 304
747 1198 780 1231 b.
797 1200 833 1229 et
849 1196 943 1240 Orig.
963 1198 990 1228 1.
1009 1198 1040 1234 7.
1059 1197 1185 1230 Pontis.
1203 1198 1248 1230 N.
1269 1200 1315 1240 1.]

126 1288 356 1338 Johannes,
409 1289 681 1344 permissione
735 1288 892 1331 Divina
945 1288 1069 1330 Prior
1119 1290 1311 1332 ecclesiae
1352 1293 1604 1337 cathedralis

71 1346 392 1397 Dunelmensis,
437 1347 747 1389 venerabilibus
799 1356 840 1388 et
890 1347 1205 1403 circumspectis
1257 1349 1353 1391 viris
1402 1353 1606 1406 magistro

70 1404 256 1446 Johanni
308 1405 492 1456 Norton,
537 1405 803 1447 decretorum
845 1404 1026 1455 doctori,
1070 1420 1118 1446 ac
1159 1407 1362 1462 magistro
1411 1410 1607 1453 Roberto

72 1463 365 1513 Beammontt,
410 1464 452 1504 in
489 1471 670 1519 utroque
703 1463 802 1518 jure
842 1462 1084 1513 bacallari0‚
1123 1464 1298 1506 salutem
1340 1466 1382 1506 in
1433 1477 1607 1511 auctore

71 1520 234 1562 salutis.
298 1521 409 1562 Cum
431 1521 484 1562 de
494 1522 593 1576 jure
615 1536 662 1562 ac
695 1519 1000 1562 consuetudine
1022 1521 1224 1563 laudabili
1246 1524 1437 1566 ecclesiae
1459 1527 1606 1569 cathe-

73 1578 200 1619 dralis
235 1579 535 1620 Dunelmensis
568 1579 755 1635 legitime
786 1578 1043 1634 praescriptis
1070 1595 1117 1620 ac
1145 1582 1345 1636 continue
1366 1585 1541 1638 pacifice
1563 1594 1607 1626 et

72 1637 228 1692 quiete,
270 1652 295 1678 a
336 1645 527 1692 tempore
562 1637 681 1692 cujus
718 1636 918 1678 contrarii
949 1637 1153 1679 memoria
1180 1639 1401 1682 hominum
1425 1656 1510 1684 non
1533 1658 1608 1684 ex·-

71 1693 176 1744 istit,
215 1695 464 1736 inconcusse
500 1696 736 1745 observata,
768 1695 838 1749 jus
872 1694 1128 1746 instassandi,
1168 1696 1464 1750 intronizandi,
1489 1712 1531 1742 et
1563 1701 1607 1742 in

73 1752 220 1793 sedem
256 1752 540 1807 episcopalem
573 1767 621 1794 ac
654 1752 699 1794 in
737 1767 1009 1808 suppremum
1032 1754 1201 1795 stallum
1224 1757 1265 1796 in
1287 1756 1466 1799 dextera
1486 1769 1607 1813 parte

73 1809 192 1851 chori
242 1811 497 1851 reverendos
548 1819 689 1865 patres
741 1811 1051 1852 Dunelmenses
1104 1811 1352 1868 Episcop05‚
1405 1818 1607 1871 quociens

72 1882 244 1909 necesse
279 1868 418 1918 fuerit,
457 1868 655 1923 ponendi,
692 1869 746 1909 ad
771 1869 964 1909 Priorem
1002 1869 1190 1923 ejusdem
1219 1872 1439 1925 pertinuit,
1465 1875 1609 1931 sicque

73 1926 128 1966 ad
149 1940 227 1966 nos
263 1925 450 1980 pertinet
490 1926 534 1967 in
570 1925 781 1980 praesenti,
804 1942 882 1967 nos
919 1934 1075 1976 tamen,
1113 1936 1353 1972 metuentes
1386 1932 1608 1983 infirmari,

74 1983 142 2023 vel
164 1984 264 2024 alias
291 1983 500 2038 impediri,
539 1983 762 2039 quominus
795 1984 1074 2025 reverendum
1108 1984 1149 2025 in
1188 1986 1359 2028 Christo
1380 1998 1545 2043 patrem
1567 1999 1610 2031 et

74 2040 295 2081 dominum
332 2041 551 2082 dominum
578 2041 816 2083 Robertum
840 2041 922 2083 Dei
956 2042 1099 2096 gracia
1124 2043 1461 2089 Dunelmensem
1486 2049 1609 2104 Epis-

74 2113 232 2152 copum
273 2099 523 2139 modernum
560 2099 603 2139 in
642 2101 816 2155 propria
856 2109 1000 2141 nostra
1039 2115 1235 2154 persona,
1279 2104 1505 2148 undecimo
1542 2107 1611 2147 die

74 2157 228 2196 mensis
255 2157 412 2211 Aprilis
444 2157 639 2211 proxime
672 2157 816 2198 futuro
850 2166 945 2212 post
987 2157 1130 2199 datam
1153 2161 1443 2213 praesencium,
1468 2164 1610 2206 instal-

74 2213 179 2263 lare,
214 2213 481 2264 intronizare,
516 2222 560 2255 et
600 2214 642 2254 in
683 2215 828 2256 sedem
869 2216 1150 2269 episcopalem
1184 2232 1232 2258 ac
1266 2217 1306 2258 in
1338 2234 1610 2275 suppremum

74 2270 217 2311 locum
257 2271 299 2311 in
339 2271 517 2313 dextera
556 2280 679 2326 parte
712 2271 830 2313 chori
866 2287 1039 2326 ponere,
1074 2283 1203 2326 prout
1237 2275 1292 2315 ad
1328 2291 1404 2317 nos
1442 2279 1608 2330 attinet,

77 2327 305 2377 valeamus,
328 2329 460 2378 vobis,
499 2329 551 2369 de
582 2344 762 2384 quorum
784 2330 991 2370 fidelitate
1014 2338 1054 2370 et
1078 2331 1382 2386 circumspecta
1402 2336 1611 2380 industria

74 2385 201 2440 plene
223 2385 489 2436 confidimus,
528 2387 582 2426 ad
616 2386 932 2436 installandum,
966 2387 1307 2429 intronizandum
1331 2400 1372 2432 et
1394 2393 1435 2432 in
1464 2394 1610 2438 sedem

78 2442 359 2498 episcopalem
393 2458 442 2484 ac
475 2458 749 2498 suppremum
784 2444 923 2484 locum
947 2444 990 2484 in
1022 2444 1203 2486 dextera
1224 2457 1341 2500 parte
1363 2449 1480 2491 chori
1502 2467 1611 2507 prae-

77 2500 181 2542 dicti
213 2501 460 2555 ponendum
492 2501 718 2556 praefatum
751 2502 1033 2542 reverendum
1074 2512 1238 2556 patrem
1276 2505 1610 2554 Dunelmensem

79 2555 354 2613 Episcopum,
386 2568 627 2614 caeteraque
659 2558 801 2599 omnia
831 2558 914 2599 alia
935 2567 977 2599 et
999 2559 1164 2613 singula
1186 2576 1281 2617 quae
1303 2563 1345 2604 in
1369 2569 1608 2622 praemissis,

78 2629 151 2656 seu
185 2616 296 2657 circa
327 2631 392 2666 ea,
428 2616 664 2658 necessaria
699 2616 870 2666 fuerint,
910 2631 983 2657 seu
1020 2619 1343 2672 quomodolibet
1384 2634 1607 2679 oportuna,

76 2673 273 2728 quatinus
306 2674 360 2715 ad
397 2689 475 2715 nos
509 2674 561 2715 (le
590 2676 687 2730 jure
724 2683 767 2714 et
801 2675 1107 2715 consuetudine
1147 2677 1363 2730 praedictis
1396 2683 1609 2735 pertiuere

77 2730 369 2780 dinoscuntur,
394 2731 601 2782 facienda,
640 2731 895 2781 exercenda,
934 2732 1216 2786 expedienda,
1253 2737 1512 2791 conjunctim
1535 2757 1610 2786 seu

77 2787 243 2831 divisim
276 2789 557 2831 commitimus
591 2789 701 2833 vices
733 2797 898 2833 nostras
932 2805 1007 2846 per
1028 2801 1274 2846 praesentes,
1307 2794 1442 2851 sigillo
1465 2809 1609 2843 nostro
