1807 2962
189 83 429 132 ccclxxxii
516 91 652 130 HTIST.
682 92 920 128 DUNELM.
949 84 1433 125 s‘ctt'IP'r'o’nns1T1'1'Es0·

187 207 256 248 vel
286 221 435 248 eorum
457 197 759 254 conscienciaS,
790 202 834 244 in
867 201 946 242 illis
980 215 1052 245 seu
1087 213 1235 242 eorum
1265 197 1407 253 aliquo
1428 192 1656 248 culpabiles
1671 195 1723 257 ‘et

188 274 441 322 aggravatos
464 272 538 306 aut
559 278 654 305 reos
676 277 764 303 esse
786 258 1083 315 cognoverint,
1109 259 1163 300 de
1185 256 1379 311 dampnis
1396 262 1437 295 et
1458 252 1622 307 injuriis
1643 266 1723 315 eis-

189 323 289 365 dem
320 322 523 378 religiosis
553 322 596 362 in
619 320 703 362 suis
725 317 926 369 ecclesiis,
950 316 1158 366 domibus,
1191 312 1389 370 grangiis,
1408 311 1544 360 terris,
1577 318 1725 375 pratis,

189 382 368 436 pascuis,
400 380 526 430 silvis,
559 377 818 428 nemoribus,
862 386 907 418 et
951 375 1042 417 aliis
1088 374 1173 415 suis
1218 369 1550 428 possessionibus
1583 367 1727 417 1llat1s5

192 439 335 481 debite
357 447 401 481 et
425 438 691 492 integraliter
711 434 983 485 satisfaciant,
1008 442 1054 475 ut
1071 440 1294 480 tenentur3
1327 437 1371 471 et
1392 429 1445 470 ab
1467 425 1629 491 eisdem
1652 427 1725 491 abT

192 497 418 539 solucionis
439 497 694 538 beneficium
730 495 965 549 optineant,
998 508 1068 543 ne,
1092 490 1209 548 quod
1230 489 1354 539 absit,
1385 487 1426 527 in
1448 485 1518 526 die
1545 484 1728 526 districtr

187 555 340 611 judicii
370 564 533 597 eternae
561 551 878 608 dampnacionis
900 551 1133 607 periculum
1157 549 1386 590 incurrant.
1470 543 1587 585 Data
1602 552 1730 584 sexto·

194 613 264 657 die
294 614 447 656 mensis
465 611 731 663 Decembris,
765 625 878 653 anno
900 608 1078 653 Domini
1100 606 1334 656 millesimo,
1349 611 1437 655 eled,
1462 603 1730 644 Lx·XXX11-1t⁰6

316 907 492 938 CCXCVI·
526 908 693 936 LITERA
728 900 1090 935 FRATERNITATIS
1143 903 1369 931 CONCESSA
1426 898 1615 929 DOMINO'

421 967 629 995 GEORGIO
652 965 855 993 S'I'ANLEY
879 963 1063 991 DOMINO
1086 962 1144 989 DE
1170 962 1225 989 LE
1248 960 1502 988 STRAYNGE.

721 1059 822 1104 [Reg.
841 1058 910 1091 IV.
938 1058 1039 1091 Parv.
1062 1055 1123 1091 fol'.
1146 1057 1218 1102 35.]

257 1155 492 1212 Magnifico
513 1169 562 1196 ac
579 1152 832 1209 praepotenti
846 1151 1021 1194 domino
1043 1151 1235 1208 Georgio
1249 1151 1422 1193 domino
1435 1152 1489 1194 de
1505 1152 1733 1209 St1·aynge‚›

199 1216 375 1257 domino
407 1229 484 1255 suo
515 1212 827 1268 specialissimo,
851 1225 899 1252 ac
931 1210 1309 1251 honorabilissimae
1331 1211 1515 1252 dominae
1546 1212 1733 1253 dominae

203 1276 365 1329 [blank]
395 1271 581 1314 consorti
603 1285 704 1320 suae,
729 1268 857 1311 vestri
878 1268 1134 1325 perhumiles
1168 1278 1212 1311 et
1248 1269 1394 1311 devoti
1419 1269 1608 1311 Thomas
1640 1284 1734 1325 per-

199 1331 399 1373 missione
449 1329 593 1371 divina
640 1327 764 1371 Prior
807 1326 998 1369 ecelesiae
1048 1327 1300 1370 cathedralis
1343 1328 1657 1378 Dunelmensis,
1691 1336 1736 1369 et

200 1390 393 1446 ejusdem
414 1388 497 1430 loci
521 1386 782 1443 Capitulum,
815 1385 1080 1427 omnimodas
1113 1385 1391 1436 reverencias,
1429 1386 1549 1427 vobis
1571 1395 1615 1428 et
1647 1401 1737 1427 ves-

202 1460 313 1491 trum
336 1447 506 1504 utrique
528 1446 571 1487 in
593 1460 672 1487 suo
695 1444 829 1500 gradu
852 1443 1032 1495 debitas,
1052 1460 1148 1486 cum
1165 1445 1343 1487 honore.
1377 1444 1538 1486 Mentis
1555 1446 1736 1486 devocio

198 1517 243 1549 et
263 1506 437 1548 sineerae
469 1504 689 1559 integritas
710 1502 965 1552 affeecionis‚
998 1518 1104 1559 quas
1123 1520 1226 1559 erga
1245 1503 1597 1559 gloriosissimum-
1616 1518 1739 1544 sanc-2

203 1574 292 1608 tum
319 1565 618 1613 cuthbertum,
654 1571 881 1617 patronum
913 1570 1121 1614 nostrum,
1155 1578 1332 1619 nosque,
1355 1572 1399 1605 et
1434 1561 1739 1603 monasterium

203 1632 397 1665 nostrum
442 1622 751 1672 Dunelmense,
804 1635 854 1661 ac
907 1619 1071 1661 Cellam
1130 1630 1319 1663 nostram
1369 1621 1424 1663 de
1472 1620 1658 1662 Lethom
1699 1620 1741 1660 in

209 1681 573 1730 Amounderness,
617 1679 821 1721 hactenus
858 1677 1079 1730 habuistis,
1122 1689 1166 1722 et
1213 1679 1379 1721 habetis
1428 1680 1471 1720 in
1524 1679 1742 1734 praesenti,

203 1740 328 1782 sicuti
359 1754 415 1781 ex
436 1739 556 1780 factis
577 1737 724 1779 vestris
747 1736 921 1779 notoriis
951 1736 1176 1781 didicimus
1199 1747 1241 1781 et
1261 1739 1315 1780 ab
1332 1746 1512 1793 experto
1533 1737 1742 1787 novimus,

205 1799 369 1841 animos
390 1806 558 1839 nostros
580 1796 758 1837 incitant
780 1805 823 1838 et
845 1795 999 1837 merito
1021 1797 1243 1848 inducunt,
1270 1805 1319 1838 ut
1341 1795 1474 1846 vobis,
1498 1805 1540 1838 et
1557 1805 1744 1837 vestrum

205 1856 388 1912 utrique,
415 1855 545 1910 juxta
566 1864 716 1896 vestrae
739 1854 983 1896 devocionis
1014 1855 1213 1906 officium,
1245 1854 1517 1912 gratitudinis
1540 1853 1741 1894 vicissitu-

208 1915 351 1956 dinem
386 1912 624 1967 specialiter
674 1913 972 1967 rependamus,
1048 1913 1175 1955 Unde
1216 1923 1373 1955 vestras
1415 1912 1660 1967 magnificas
1702 1923 1746 1953 et

206 1971 477 2014 honorabiles
498 1984 699 2025 personas
730 1973 772 2010 in
815 1970 1075 2011 confratrem
1116 1980 1159 2012 et
1200 1985 1469 2013 consororem
1506 1969 1746 2025 spirituales

211 2028 399 2085 Capituli
422 2028 551 2069 nostri
573 2027 893 2077 Dunelmensis,
928 2042 1023 2068 cum
1045 2043 1096 2070 ea
1117 2044 1200 2085 qua
1221 2029 1363 2070 decuit
1392 2028 1648 2077 reverencia,
1671 2028 1747 2068 ad-

209 2087 415 2130 mittimus
446 2101 522 2141 per
542 2093 789 2141 praesentes,
814 2094 857 2127 et
878 2096 1085 2141 quantum
1102 2086 1144 2127 in
1168 2086 1289 2128 nobis
1325 2097 1403 2138 est,
1442 2096 1485 2128 et
1529 2085 1746 2127 Altissimo

207 2145 429 2202 placuerit,
453 2143 642 2185 omnium
665 2142 897 2193 missarum,
921 2144 1174 2201 vigiliarum,
1191 2145 1465 2201 jejuniorum,
1489 2144 1745 2194 orationum,

209 2202 583 2260 praedicacionum,
627 2201 865 2242 divinorum
908 2203 1157 2253 officiorum,
1196 2212 1521 2259 ceterorumque
1571 2216 1749 2256 operum

211 2261 380 2318 pietatis
402 2270 446 2302 et
466 2260 766 2316 suffragiorum
789 2274 1170 2317 quorumcumque,
1194 2276 1291 2318 quae
1323 2276 1399 2317 per
1421 2277 1497 2303 nos
1520 2270 1562 2303 et
1584 2274 1749 2301 succes-

213 2336 329 2362 sores
350 2327 529 2369 nostros,
553 2317 701 2360 tamin
733 2319 992 2360 monasterIO
1029 2328 1178 2361 nostro
1216 2319 1510 2371 Dunelmensi,
1545 2333 1671 2374 quam
1706 2316 1749 2357 in

218 2378 349 2421 Cellis
371 2378 425 2419 ab
447 2377 596 2419 eadem
619 2376 956 2431 dependentibus
985 2377 1338 2434 quibuscumque,
1354 2378 1463 2419 fiunt
1484 2386 1528 2419 et
1549 2378 1653 2418 fient
1674 2375 1751 2416 im-

213 2445 484 2493 perpetuum,
500 2433 1018 2490 pa1·ticipacionem,vobis
1039 2436 1300 2491 conjunctim
1318 2445 1360 2477 et
1380 2444 1561 2477 vestrum
1582 2433 1751 2489 utrique

217 2510 293 2550 per
314 2510 358 2536 se
380 2493 545 2534 divisim
567 2492 837 2534 concedimus
859 2493 1099 2547 specialem.
1166 2495 1362 2550 Cumque
1384 2495 1438 2535 ab
1460 2494 1538 2535 hac
1560 2493 1653 2533 luce
1675 2506 1752 2546 per

217 2562 399 2595 mortem
422 2552 542 2593 Deus
565 2566 639 2591 vos
661 2559 734 2592 aut
753 2551 878 2592 vestri
897 2550 1077 2593 alterum
1091 2554 1345 2603 evocaverit,
1362 2561 1405 2593 et
1425 2552 1506 2592 hoc
1525 2549 1645 2592 nobis
1663 2564 1753 2590 cer-

216 2610 499 2653 titudInaliter
542 2609 781 2650 intimatum
823 2608 962 2659 fuerit,
1001 2625 1080 2666 pro
1113 2611 1233 2652 vobis
1267 2619 1312 2651 et
1348 2618 1535 2651 vestrum
1573 2617 1753 2662 utroque

219 2669 340 2710 simul
365 2676 439 2709 aut
474 2666 707 2708 successive
736 2667 1039 2709 decedentibus
1062 2669 1129 2709 vel
1152 2668 1401 2718 decedente,
1426 2667 1533 2708 sicut
1563 2681 1642 2721 pro
1663 2665 1753 2706 aliis

221 2726 499 2768 confratribus
515 2734 555 2767 et
575 2726 871 2768 consororibus
888 2727 1040 2768 nostris
1055 2726 1341 2782 spiritualibus
1356 2727 1408 2768 de
1424 2725 1564 2768 medio
1579 2723 1753 2766 sublatis
