1807 2962
201 82 290 115 CXC
530 86 665 118 111ST.
692 85 931 116 DUNELM.
956 86 1269 117 SCRIPTORE&
1289 85 1427 116 TRES.

203 191 458 233 Sanctorum
488 192 739 248 praedictum
760 192 988 247 praedictus
1015 192 1166 233 Petrus
1200 208 1244 233 se
1265 192 1441 247 obligat,
1466 191 1660 234 haeredes
1683 203 1728 235 et

199 258 450 291 executores
472 266 585 301 suos,
610 265 685 306 per
705 261 950 305 praesentes,
975 250 1182 305 praed-icto
1207 250 1347 291 Priori
1367 260 1411 291 et
1432 251 1521 305 ejus
1560 266 1725 293 succes-

198 307 362 349 soribus
399 308 440 349 in
477 318 649 350 centum
682 308 798 349 libris
830 308 1055 357 solvendis,
1079 307 1113 348 si
1149 307 1350 349 defecerit
1386 308 1427 349 in
1462 308 1725 362 perficiendo

199 380 307 420 opus
344 367 596 421 praedictum
628 365 733 407 citra
763 365 916 406 festum
944 365 1147 407 Omnium
1174 366 1426 407 Sanctorum
1448 366 1721 420 praedictum.

202 423 252 464 In
289 425 406 479 cujus
442 426 504 466 rei
538 424 824 466 testimonium
847 423 1123 478 praesentibus
1162 423 1396 464 indentnris
1420 432 1504 464 tam
1528 423 1727 466 dominus·

197 480 322 523 Prior
335 497 460 539 quam
479 482 615 523 dietus
633 482 785 522 Petrus
799 481 1079 523 cementarius
1097 480 1234 537 sigilla
1251 496 1326 522 sua
1342 480 1577 523 alternatim
1593 497 1725 537 appo.»

195 551 388 584 suerunt,
448 541 566 582 Data
590 540 809 590 Dunelmi,
834 539 876 579 in
909 539 1018 581 festo
1051 539 1364 595 purificacionis
1388 540 1526 581 beatae
1550 539 1724 591 Mariae,

196 612 307 639 anno
331 598 505 640 Domini
527 606 741 639 M⁰czccc¹¹¹⁰
772 597 927 653 primo,

255 656 516 698 Willielmus
553 654 1088 697 Lameton—-VVillielmus
1124 655 1522 698 Jalkar-Thomas
1548 658 1721 699 Forster

192 714 514 756 -WVillielmus
539 714 728 757 Melode.
801 713 1081 766 [Apparently
1099 713 1351 769 bomlsmen]

253 772 405 814 Petrus
431 773 623 829 Drynge,
648 773 929 813 cementarius
960 794 1017 801 —
1038 771 1248 812 Dominus
1269 771 1526 813 Willielmus
1547 773 1717 823 Remea,

192 829 371 872 vicarius
407 831 460 872 de
495 831 757 886 Meryngton
797 855 855 862 —
895 828 1110 870 Robertus
1147 830 1384 884 Daynwell,
1422 831 1723 875 cementarius‚,

192 912 248 920 —-
279 889 522 930 Willielmus
546 889 729 937 Landes‚
754 887 1048 930 cementarius,
1125 887 1405 939 [Apparently
1425 888 1657 944 bondmen]

250 947 292 1001 iij
314 948 459 989 balkes
482 948 535 988 de
557 947 613 1002 xij
637 960 738 1001 pees
760 945 834 999 etj
859 945 972 985 firste
994 959 1100 999 pece
1121 945 1190 998 etj
1208 944 1306 985 ches
1324 960 1346 985 e
1364 946 1595 987 eovenable
1611 962 1718 1001 pour

192 1006 352 1047 corbell
374 1004 493 1052 deni}
516 1014 637 1046 notre
658 1003 762 1059 park
785 1002 855 1044 del
881 1003 1112 1058 Haynyng.
1196 1003 1259 1053 [A
1278 1017 1391 1044 mem.
1413 1009 1457 1044 at
1479 1005 1543 1045 the
1559 1007 1657 1058 fmt
1675 1007 1730 1058 of

189 1065 253 1105 tlte
281 1065 492 1113 commod.

306 1274 431 1303 CLXV.
466 1273 698 1301 RETENCIO
747 1271 966 1299 MAGISTRI
1011 1271 1214 1299 ROBERTI
1258 1271 1484 1298 APPILTON
1527 1271 1597 1298 ES—

307 1332 442 1361 SENDI
486 1332 543 1359 DE
583 1330 797 1359 CONSILIO
835 1328 1021 1357 PRIORIS
1064 1331 1119 1357 ET
1161 1329 1375 1357 CAPITULI
1419 1329 1599 1356 DL'NEL-

306 1391 486 1431 MENSIS.

779 1465 883 1510 [Reg.
900 1465 1047 1498 111.f01.
1070 1465 1136 1508 12]

249 1548 357 1590 Haec
380 1547 605 1588 indentura
625 1546 737 1585 sacta
758 1543 866 1584 inter
890 1543 1130 1600 Religiosos
1154 1541 1264 1583 viros
1283 1543 1323 1584 J.
1350 1542 1540 1583 Priorem
1564 1554 1604 1585 et
1630 1545 1712 1586 Ca-

188 1607 370 1661 pitulum
404 1604 593 1647 ecclesiae
618 1602 920 1643 Dunelmensis
943 1616 998 1642 ex
1020 1610 1140 1655 parte
1161 1616 1259 1650 una,
1284 1610 1327 1642 et
1350 1601 1595 1655 magistrum
1622 1603 1710 1643 Ro-

186 1667 353 1706 bertum
388 1663 607 1718 Appilton‚
638 1676 694 1702 ex
714 1669 834 1715 parte
856 1659 1000 1708 altera,
1026 1668 1204 1700 testatur
1225 1659 1339 1714 quod
1362 1659 1590 1713 praedictus
1624 1675 1711 1701 ma·-

184 1724 314 1777 gister
353 1722 568 1763 Robertus
605 1729 669 1760 est
705 1726 896 1759 retentus
920 1716 1133 1772 praedictis
1154 1716 1358 1771 religiosis
1381 1717 1479 1758 viris
1506 1718 1643 1758 Priori
1665 1728 1706 1760 et

186 1780 386 1836 Capitulo
424 1777 590 1820 essendi
625 1777 679 1818 de
712 1776 885 1817 consilio
916 1775 1128 1816 dictorum
1167 1775 1324 1816 Prioris
1368 1784 1411 1815 et
1448 1775 1632 1830 Capituli
1665 1789 1710 1818 et

185 1852 473 1880 successorum
504 1850 689 1884 suorum,
724 1849 800 1888 pro
832 1842 924 1874 toto
957 1843 1150 1886 tempore
1183 1832 1282 1872 vitae
1314 1848 1414 1882 suae,
1450 1832 1489 1872 in
1514 1834 1707 1874 omnibus

183 1907 227 1938 et
259 1895 433 1949 singulis
464 1893 650 1947 negociis
673 1901 715 1933 et
736 1890 913 1947 querelis
936 1905 983 1931 ac
1005 1890 1097 1930 aliis
1119 1889 1200 1930 suis
1225 1889 1556 1945 quibuscumque
1579 1907 1709 1945 agei:-

185 1955 264 2004 dis,
289 1954 343 1994 de
364 1952 515 2008 quibus
538 1950 664 2005 ipsius
687 1948 905 1990 consilinm
929 1947 1130 1988 duxerint
1148 1947 1460 2003 requirendum,
1478 1950 1707 1991 venerabili

189 2010 389 2067 Capitulo
414 2007 675 2050 Eboracensi
706 2022 754 2047 ac
778 2007 948 2047 Abbate
971 2015 1012 2046 et
1035 2005 1262 2047 Conventa
1288 2005 1544 2046 Monasterii
1564 2007 1705 2049 beatae

186 2069 340 2112 Mariae
365 2068 635 2116 Eboracensi,
660 2064 872 2119 prioribus
905 2062 1085 2103 dominis
1117 2064 1213 2113 suis,
1238 2062 1280 2103 in
1311 2064 1505 2104 omnibus
1538 2080 1706 2120 semper

182 2129 319 2177 salvis,
357 2127 628 2180 ipsorumque
652 2123 808 2164 Prioris
844 2131 887 2162 et
924 2120 1112 2176 Capituli
1134 2121 1311 2175 negocia
1343 2122 1575 2162 secundum
1598 2125 1706 2164 vires

183 2201 280 2227 suos
303 2183 528 2226 efficaciter
550 2181 830 2236 promovebit.
887 2180 942 2220 Et
965 2179 1018 2220 ad
1036 2179 1126 2220 haec
1144 2179 1350 2229 facienda,
1371 2180 1598 2234 praedictus
1617 2196 1704 2222 ma-

181 2246 311 2299 gister
345 2242 556 2283 Robertus
580 2238 764 2280 fideliter
785 2237 974 2293 promisit
997 2246 1039 2277 et
1062 2252 1104 2277 se
1126 2237 1286 2291 obligat
1308 2237 1485 2278 firmiter
1504 2253 1579 2293 per
1595 2254 1705 2294 prae-

178 2312 318 2344 sentes
333 2302 391 2342 ita
405 2300 519 2356 quod
531 2298 884 2355 quandocumque
896 2294 1258 2350 contingetipsum
1272 2295 1315 2336 in
1327 2295 1706 2352 negociisipsorum

185 2361 344 2402 Prioris
367 2369 408 2400 et
435 2356 621 2412 Capituli
643 2356 849 2404 laborare,
873 2353 981 2394 infra
1002 2368 1178 2407 regnum
1195 2353 1379 2408 Angliae,
1397 2354 1473 2394 sibi
1496 2369 1703 2410 expensas

178 2434 255 2460 suo
286 2417 438 2472 gradui
469 2429 676 2469 congruas
700 2413 1009 2453 ministrabunt.
1077 2411 1132 2452 Et
1161 2427 1238 2467 pro
1267 2411 1444 2452 consilio
1465 2411 1592 2467 ipsius
1615 2428 1704 2453 ma-

179 2477 298 2531 gistri
323 2474 502 2516 Roberti
534 2472 653 2514 dictis
680 2470 814 2512 Priori
854 2480 895 2511 et
921 2469 1122 2524 Capitulo
1153 2480 1195 2511 et
1225 2484 1371 2511 eorum
1394 2470 1702 2511 successoribus

181 2544 228 2576 ut
258 2533 508 2589 praedictum
542 2540 617 2580 est,
642 2529 827 2570 fideliter
859 2537 902 2569 et
924 2527 1149 2569 efficaciter
1170 2527 1211 2567 in
1236 2527 1392 2584 Anglia
1412 2527 1699 2582 impendendo

177 2592 280 2633 dicti
306 2592 428 2632 Prior
449 2599 491 2631 et
516 2588 759 2643 Capitulum
778 2594 1074 2627 concesserunt
1090 2585 1296 2640 praedicto
1314 2586 1514 2639 magistro
1535 2585 1702 2627 Rober-

179 2658 223 2690 to
247 2663 370 2689 unam
395 2661 574 2689 annuam
598 2645 839 2701 pensionem
864 2657 922 2685 x1,
944 2643 1189 2693 solidorum,
1206 2643 1377 2698 singulis
1395 2642 1513 2683 annis
1530 2643 1582 2684 ad
1599 2644 1703 2685 festa

178 2706 308 2747 sancti
335 2705 509 2746 Martini
533 2704 572 2744 in
604 2718 727 2759 yeme
750 2711 793 2742 et
820 2703 1092 2742 pentecostes
1115 2716 1189 2757 per
1211 2702 1382 2757 equales
1406 2700 1624 2755 porciones
1647 2702 1700 2742 de

179 2763 431 2805 monasterio
454 2778 529 2804 suo
551 2760 930 2816 percipiendorum,
951 2775 1168 2815 quousque
1192 2774 1267 2814 per
1289 2758 1461 2801 eosdem
1483 2768 1699 2814 promo-tus
