1807 2962
184 95 323 144 GClei
504 112 634 143 HIST'.
664 111 896 143 DUNELM.
934 109 1233 143 SCRIPTORES
1254 111 1393 143 TRES.

186 217 296 258 festo
329 218 492 260 Natalis
514 219 704 269 Domini,
728 218 979 260 sustinebit:
1012 234 1107 275 quae
1137 233 1339 273 expensae
1362 219 1405 260 in
1423 219 1528 262 festo
1552 220 1718 262 Natalis

187 285 364 330 possunt
384 291 635 318 concurrere
658 278 779 318 valde
801 277 992 317 honeste.

255 333 461 380 Quartum
496 344 558 376 est
580 361 633 365 ——
661 335 805 384 Quod,
838 343 1012 389 propter
1033 333 1165 375 dictas
1188 349 1344 383 causas,
1368 335 1590 376 reverendi
1613 350 1721 390 pree-

191 391 433 433 decessores
458 391 646 441 Domini,
665 392 823 433 scilicet
843 391 1055 433 Antonius
1075 391 1219 433 Beeke
1236 402 1279 432 et
1299 392 1487 434 Thomas
1510 393 1718 445 Hattfeld,

191 457 233 490 et
254 449 336 499 alii,
362 450 402 490 in
426 450 534 490 festo
559 450 722 491 Natalis
748 449 921 491 Domini
942 449 1108 490 fuerant
1130 448 1348 493 installati.

256 506 464 554 Quintum
496 516 559 548 est
581 537 636 542 -
659 508 757 549 Fest
763 523 833 548 um
866 507 1033 549 Natalis
1053 507 1229 549 Domini
1252 508 1445 562 proxime
1466 507 1582 548 futui
1587 524 1656 550 um
1678 509 1721 550 in

191 563 403 606 dominica
442 565 676 630 continget,
721 580 845 621 quam
888 574 1121 621 sequuntui
1160 565 1406 606 immediate
1439 576 1622 621 quatuor
1656 568 1722 608 vel

192 622 376 678 quinque
408 623 497 665 dies
528 639 598 664 cai
602 638 743 673 mum,
777 623 887 664 unde
913 623 1046 664 levius
1069 632 1112 663 et
1134 623 1284 663 melius
1306 623 1544 678 suppffltaii
1566 625 1722 679 poterit

191 694 296 720 onus
319 696 446 736 quam
469 683 502 722 si
525 690 662 722 essent
685 681 773 722 dies
795 681 917 722 mixti
940 696 1010 722 cai
1015 680 1126 721 nium
1151 690 1193 721 et
1216 680 1407 735 piscium.

254 739 432 780 Sextum
470 748 534 780 est
569 768 624 773 —
665 739 792 786 Quod
829 739 871 780 in
905 739 973 780 die
997 738 1176 780 Veneris
1214 748 1311 779 ante
1347 739 1546 780 Natalem
1581 749 1723 794 posset

193 795 403 837 Dominus
432 812 566 852 prope
600 797 860 837 Dunelmum
890 797 1122 851 hospitari3
1152 804 1195 836 et
1218 797 1259 836 in
1281 796 1475 846 crastino,
1500 796 1656 838 scilicet
1681 798 1722 838 111

194 852 337 907 vigilia
357 855 518 895 Natalis
550 855 741 904 Domini,
775 870 890 896 suam
913 854 1132 895 ecclesiam
1157 855 1295 908 primo
1313 855 1483 904 intrare,
1508 863 1549 895 et
1571 855 1723 896 eodem

192 911 262 952 die
294 912 335 952 111
368 927 486 953 suam
517 913 661 953 sedem
696 912 910 961 installari,
940 921 983 953 et
1004 912 1154 952 festum
1181 911 1344 952 Natalis
1372 913 1550 952 Domini
1573 922 1614 953 et
1635 928 1722 953 suae

193 969 489 1010 installacionis
520 970 671 1011 eodem
701 969 770 1011 die
793 970 993 1024 incipere,
1019 978 1062 1010 et
1085 983 1278 1023 vesperas
1302 968 1343 1009 in
1364 968 1507 1023 vigilia
1526 978 1570 1011 et
1592 971 1724 1025 majo-

192 1042 281 1068 rem
306 1029 472 1069 missam
495 1027 536 1068 in
560 1027 757 1076 crastino,
782 1028 814 1068 si
839 1028 1016 1082 placeat,
1040 1026 1265 1067 celebrare.

254 1085 492 1139 Septimum
524 1095 588 1126 est
618 1109 676 1116 —
710 1085 858 1126 Solent
882 1084 1058 1126 Domini
1090 1085 1424 1138 praedecessores
1448 1085 1525 1135 sui,
1550 1085 1604 1126 ad
1627 1101 1722 1127 suas

193 1142 506 1184 installaciones
547 1142 900 1184 honorificeucius
941 1142 1227 1192 celebrandas,
1275 1143 1399 1183 robas
1441 1152 1482 1184 et
1523 1143 1724 1185 liberatas

192 1200 373 1241 vestium
405 1200 488 1241 suis
521 1200 665 1241 amicis
698 1210 741 1242 et
772 1199 1046 1241 servitoribus
1068 1200 1289 1249 conferre3
1322 1200 1437 1255 quod
1460 1202 1723 1242 commodius

192 1267 236 1298 et
268 1258 621 1299 honorificencius
651 1258 743 1298 fieri
775 1257 934 1313 poterit
955 1258 997 1298 in
1020 1258 1135 1298 dicto
1157 1258 1277 1308 festo,
1316 1267 1360 1299 et
1388 1273 1494 1300 onus
1517 1274 1724 1314 expensa·

191 1331 284 1357 rum
318 1316 559 1370 hujusmodi
591 1316 643 1357 ad
677 1331 874 1370 magnam
907 1330 1112 1357 summam
1135 1316 1281 1357 vitare.

259 1374 467 1415 Octavum
491 1384 555 1415 est
569 1374 763 1422 -Quod
785 1384 883 1415 ante
899 1374 1059 1415 dictum
1081 1374 1234 1415 festum
1259 1373 1480 1415 commode
1497 1374 1724 1430 providere

194 1447 281 1472 non
323 1432 481 1487 poterit
506 1432 695 1473 Domino
742 1432 795 1473 de
843 1432 940 1474 vino
983 1447 1059 1487 pro
1090 1431 1379 1473 installacione
1423 1442 1465 1474 et
1507 1432 1596 1474 aliis
1637 1432 1723 1474 suis

194 1490 395 1544 hospiciis
417 1490 577 1531 utiliter
609 1490 790 1544 disponi.

256 1548 438 1602 Propter
470 1563 565 1603 quae
598 1548 758 1588 motiva
786 1547 956 1588 videtur
987 1546 1123 1588 Priori
1167 1546 1459 1597 Dunelmensi,
1528 1547 1723 1589 Roberto

198 1606 469 1656 Conestable,
497 1614 540 1647 et
570 1605 772 1660 magistro
822 1606 1016 1647 Roberto
1049 1605 1269 1654 Tattmam
1320 1605 1435 1661 quod
1476 1605 1723 1660 hujusmodi

195 1674 310 1704 actus
333 1665 375 1704 in
398 1664 513 1705 dicto
535 1664 642 1705 festo
664 1666 718 1705 sit
739 1663 1002 1705 commodius
1025 1663 1314 1707 celebrandus.

317 1906 485 1933 CCXXII.
520 1906 816 1933 EXONERACIO
852 1906 1055 1933 ROBERTI
1090 1906 1384 1933 CONESTABLE
1410 1907 1610 1934 CANCEL-

501 1963 625 1990 LARII
651 1964 820 1990 DOMINI
846 1960 1170 1991 DUNELMENSIS
1194 1964 1416 1992 EPISCOPL

747 2040 850 2084 [Reg.
865 2041 938 2073 ΙΙΙ.
957 2040 1015 2072 fol.
1032 2042 1110 2076 ⁶260,
1126 2041 1176 2081 b.]

255 2118 584 2159 R'Iemorandum
617 2117 733 2172 quod
764 2132 875 2158 anno
908 2117 1085 2158 Domini
1108 2116 1332 2157 millesimo
1357 2122 1567 2168 CCCCXL0,
1602 2128 1725 2161 sexto

197 2177 266 2217 die
304 2175 455 2217 niensis
491 2176 769 2230 Septembris,
810 2175 1005 2215 videlicet
1033 2175 1073 2214 in
1096 2174 1203 2215 festo
1226 2175 1359 2215 sancti
1386 2174 1594 2225 Nieholai,
1619 2177 1725 2218 hora

195 2233 315 2289 quasi
352 2233 516 2274 decima
552 2241 652 2274 ante
689 2247 861 2282 nonam,
901 2232 941 2272 in
967 2232 1209 2273 revestiario
1246 2232 1437 2273 ecclesiae
1465 2234 1722 2276 cathedralis

197 2290 508 2341 Dunelmensis,
543 2305 685 2331 coram
709 2290 883 2330 domino
904 2289 987 2331 Joh
974 2305 1101 2330 anne
1129 2290 1426 2346 Wessy1.gton,
1461 2291 1608 2332 Priore
1631 2291 1726 2332 Du-

193 2348 416 2398 nelmensi,
439 2347 643 2402 magistro
664 2347 861 2388 ,Iohanne
888 2347 979 2388 No·
983 2357 1057 2388 ton
1077 2347 1232 2388 vicario
1249 2348 1447 2401 generali,
1468 2356 1508 2388 et
1530 2349 1675 2390 Rober
1680 2359 1724 2390 to

198 2407 312 2447 Eine
337 2406 600 2447 seneschallo
634 2405 793 2446 domini
848 2405 1148 2446 Dunelmensis
1181 2404 1380 2459 episcopi
1412 2405 1611 2461 magister
1636 2407 1724 2448 Ro-

196 2464 342 2504 bertus
385 2463 610 2504 Beumond
650 2463 900 2504 deliberavit
939 2463 1131 2503 Robelto
1175 2462 1434 2503 Couestable
1471 2464 1724 2505 caucellaiio

195 2521 405 2576 quandam
440 2520 603 2561 literam
642 2522 720 2562 sub
756 2520 920 2575 privato
953 2520 1091 2574 sigillo
1124 2520 1275 2574 prefati
1309 2519 1484 2561 Domini
1524 2520 1725 2576 Episcopi

195 2579 314 2631 cujus
334 2578 435 2618 data
456 2586 519 2618 est
553 2579 732 2633 (blank)
769 2578 838 2619 die
861 2578 1017 2618 mensis
1041 2577 1219 2632 (blank)
1244 2592 1357 2617 anno
1383 2576 1557 2617 Domini
1579 2593 1679 2633 supi
1681 2595 1725 2620 d-

197 2637 325 2685 dimo,
358 2650 483 2689 supet
515 2650 674 2676 exonei
677 2650 823 2676 acione
854 2635 1048 2689 praedicti
1073 2634 1250 2675 Robeiti
1279 2635 1535 2675 Conestable
1559 2645 1600 2676 et
1620 2637 1725 2677 deli-

197 2692 420 2734 beracione
457 2693 595 2746 magni
637 2702 681 2733 et
721 2693 893 2734 rotundi
934 2692 1057 2746 sigilli
1102 2692 1380 2733 Cancellariae
1422 2691 1522 2733 dicti
1564 2692 1723 2734 domini

196 2749 408 2804 episcopi3
456 2759 498 2790 et
533 2749 664 2791 tercio
698 2750 766 2792 (110
804 2761 1025 2806 sequente,
1061 2748 1218 2790 scilicet
1252 2749 1293 2790 111
1321 2749 1505 2790 erastino
1530 2749 1725 2806 Concep-
