1807 2962
489 110 761 143 APPENDIX.
802 109 919 140 ANN.
948 109 1215 142 MCCCXXII.
1504 111 1623 143 CXXV

97 216 266 267 Mariae,
289 231 365 258 nec
399 232 483 258 non
515 218 746 260 beatissimi
782 216 1033 258 confessoris
1069 225 1113 258 et
1145 213 1360 271 pontificis
1393 214 1622 257 Cuthberti

95 276 265 330 patroni
297 276 428 316 nostri
460 276 734 331 omniumque
771 275 1023 315 Sanctorum
1055 273 1214 315 meritis
1237 280 1281 313 et
1301 271 1497 326 precibus
1519 288 1620 313 con-

95 333 291 382 fidentes,
325 333 518 374 omnibus
550 332 818 388 parochianis
849 333 1001 373 nostris
1023 341 1065 373 et
1087 331 1191 381 aliis,
1209 343 1387 386 quarum
1406 328 1621 371 diocesani

95 390 205 431 hanc
237 399 426 431 nostram
464 390 789 445 Indulgenciam
821 399 955 431 ratam
988 389 1214 431 habuerint
1247 395 1289 428 et
1310 396 1542 440 acceptam,
1566 388 1621 429 de

100 449 287 503 peccatis
322 449 405 489 suis
427 448 618 489 contritis
640 463 740 490 vere
762 455 805 489 et
827 447 1040 498 confessis,
1063 447 1136 504 qui
1158 461 1235 501 pro
1257 444 1418 486 eisdem
1452 444 1626 487 domino

93 515 241 547 nostro
265 506 387 560 Rege
408 521 570 561 suoque
591 505 782 548 exercitu
809 505 1035 556 oraverint,
1058 503 1343 561 quadraginta
1362 501 1451 542 dies
1482 502 1536 543 de
1558 502 1621 543 in-

87 564 240 618 juncta
265 563 343 604 sibi
372 563 644 619 poenitencia,
670 563 768 604 Deo
789 563 995 618 propicio,
1019 560 1346 605 misericorditer
1365 559 1620 601 relaxamus.

94 622 146 662 In
198 621 382 665 caritatis
432 630 665 676 augmento
706 635 780 661 vos
829 620 986 677 dirigat
1030 621 1269 661 Altissimus
1310 632 1386 672 per
1426 626 1623 673 tempora

90 678 306 720 diuturna.
369 679 486 720 Data
506 680 619 733 apud
645 678 889 728 Midilham,
915 692 1051 719 xxnu
1075 678 1145 719 die
1166 678 1284 727 Julii,
1308 690 1420 717 anno
1445 676 1620 717 Domini

93 737 349 792 supradicto.
417 737 473 779 Et
491 737 828 779 consecracionis
850 747 1006 778 nostrae
1028 737 1230 780 secundo.

280 978 349 1005 CV·
383 978 701 1006 CONFIRMACIO
730 979 1011 1007 DIMISSIONIS
1033 980 1353 1007 MANERIORUM
1376 980 1435 1008 DE

498 1036 746 1064 ALUERTON
769 1037 827 1064 DE
851 1038 1093 1076 HOUEDEN,
1119 1038 1218 1066 ETC.

707 1113 810 1158 [Reg.
827 1115 879 1147 ΙΙ.
895 1114 954 1147 fol.
973 1116 1043 1159 80.]

157 1189 378 1232 Universis
400 1198 629 1244 praesentes
650 1190 793 1231 literas
811 1190 1074 1245 inspecturis,
1100 1192 1333 1235 Willelmus
1350 1195 1474 1236 Prior
1490 1196 1624 1238 eccle-

92 1248 165 1289 siae
190 1248 490 1289 Dunelmensis
508 1258 550 1289 et
572 1248 761 1302 ejusdem
783 1248 865 1289 loci
884 1249 1141 1299 Conventus,
1160 1251 1339 1292 salutem
1356 1252 1398 1292 in
1415 1253 1620 1298 Domino,

92 1305 310 1346 Noveritis
337 1321 412 1346 nos
436 1306 650 1361 quoddam
673 1305 874 1360 scriptum
895 1308 1254 1361 cyrographatum
1276 1309 1386 1350 inter
1406 1312 1626 1353 venerabi-

91 1363 176 1404 lem
209 1373 376 1418 patrem
410 1364 627 1403 dominum
656 1372 847 1404 nostrum
868 1363 1086 1405 dominum
1111 1365 1161 1406 L.
1187 1366 1270 1407 Dei
1291 1369 1434 1421 gracia
1457 1369 1624 1410 Dunol-

92 1436 281 1461 mensem
324 1420 596 1475 Episcopum,
636 1435 691 1461 ex
727 1431 848 1475 parte
880 1436 977 1471 una,
1011 1430 1055 1463 et
1081 1422 1319 1465 Johannem
1346 1425 1485 1466 Inctin
1506 1427 1623 1468 Bon-

89 1479 220 1535 seign'
257 1479 437 1534 Jacoby,
475 1478 632 1520 Girard
666 1478 827 1528 Gentil,
869 1478 1113 1534 Philippum
1145 1481 1198 1522 de
1223 1481 1440 1532 Perruch’,
1464 1492 1506 1524 et
1530 1485 1624 1526 Ste-

90 1536 279 1591 phanum
313 1536 558 1593 Wychoyn,
594 1550 643 1577 ac
676 1536 779 1576 alias
812 1545 1068 1578 mercatores
1102 1537 1156 1578 de
1187 1539 1387 1581 societate
1420 1541 1622 1582 Perruch’

90 1594 145 1635 de
169 1594 204 1634 F
207 1593 389 1635 lorencia
411 1609 466 1635 ex
487 1602 607 1648 parte
629 1594 763 1634 altera
783 1593 1040 1645 confectum,
1064 1596 1141 1636 sub
1163 1603 1314 1649 tenore
1336 1598 1407 1653 qui
1429 1599 1621 1654 sequitur

90 1651 338 1706 inspexisse.
402 1652 503 1692 Hoc
540 1651 739 1705 scriptum
778 1652 1148 1707 cyrographatum,
1187 1653 1298 1695 inter
1333 1657 1622 1697 venerabilem

90 1718 256 1764 patrem
293 1708 511 1750 dominum
544 1709 828 1758 Ludovicum,
862 1708 948 1750 Dei
970 1710 1113 1763 gracia
1134 1711 1473 1754 Dunolmensem
1499 1714 1624 1768 Epis-

92 1782 261 1821 copum,
296 1781 350 1807 ex
380 1776 501 1821 parte
538 1781 633 1815 una,
672 1766 914 1807 Johannem
953 1767 1136 1818 Innctin,
1174 1768 1407 1824 Bonseignr
1438 1772 1618 1827 Jacoby,

93 1824 252 1866 Girard
288 1824 448 1873 Gentil,
485 1824 729 1878 Philippum
761 1824 814 1864 de
838 1824 1022 1879 Pyruch,
1047 1834 1088 1866 et
1110 1826 1372 1880 Stephanum
1397 1829 1617 1885 Wychyn,

90 1898 140 1923 ac
172 1881 275 1922 alios
306 1893 561 1922 mercatores
587 1882 640 1922 de
660 1880 863 1922 societate
891 1883 1078 1924 Perruch
1100 1884 1153 1924 de
1178 1884 1403 1926 Florencia
1423 1901 1479 1927 ex
1502 1896 1621 1941 parte

90 1940 238 1989 altera,
273 1948 466 1989 testatur,
499 1939 615 1995 quod
636 1939 850 1994 predictus
872 1939 1069 1981 dominus
1093 1940 1329 1997 Episcopus
1348 1944 1555 1985 concessit
1577 1952 1621 1986 et

91 1997 249 2038 dimisit
285 1997 486 2052 predictis
519 1996 720 2046 Johanni‚
763 1997 1010 2052 Bonseign‘,
1051 1997 1251 2049 Girardo,
1287 2000 1498 2056 Philippo,
1525 2003 1620 2044 Ste-

90 2056 236 2110 phano
267 2070 315 2095 ac
346 2054 652 2095 mercatoribus
672 2054 892 2109 predictis,
916 2064 959 2096 et
980 2056 1053 2096 uni
1075 2071 1235 2107 eorum,
1259 2059 1448 2100 maneria
1468 2075 1544 2101 sua
1565 2061 1620 2101 de

95 2113 315 2162 Alverton,
352 2113 582 2162 Houeden,
616 2121 659 2154 et
693 2112 874 2162 Richall,
909 2128 1004 2153 cuin
1031 2114 1229 2155 omnibus
1250 2116 1334 2156 suis
1355 2117 1553 2158 membris
1575 2127 1620 2159 et

89 2170 373 2225 pertinenciis,
407 2173 450 2210 in
484 2169 687 2211 comitatu
730 2170 1003 2221 Eboracensi,
1041 2172 1231 2226 exceptis
1263 2174 1620 2217 advocacionibus

89 2228 374 2277 ecclesiarum,
407 2227 733 2281 prebendarum,
764 2228 1054 2283 hospitalium,
1088 2244 1136 2270 ac
1158 2230 1460 2272 beneficiorum
1483 2234 1621 2274 eccle-

91 2284 351 2325 siasticorum
384 2299 759 2340 quorumcumque,
794 2300 871 2339 pro
907 2287 1090 2341 quadam
1125 2301 1288 2328 summa
1316 2289 1512 2342 pecuniae
1545 2305 1621 2345 per

92 2341 229 2396 ipsum
258 2342 518 2396 Episcopum
539 2343 593 2383 ab
616 2342 774 2382 eisdem
796 2343 1100 2383 mercatoribus
1122 2345 1406 2397 praemanibus
1427 2357 1615 2402 recepta,

94 2408 136 2440 et
167 2399 208 2438 in
230 2399 458 2439 utilitatem
480 2399 667 2439 ecclesiae
689 2413 776 2439 suae
797 2399 1099 2440 Dunolmensis
1121 2415 1338 2442 conversa.
1402 2403 1619 2447 Habenda

94 2465 137 2497 et
169 2456 354 2497 tenenda
379 2456 551 2509 prefatis
572 2455 758 2496 Johanni
783 2456 1030 2512 Bonseignr,
1056 2457 1255 2508 Girardo,
1281 2459 1494 2514 Philippo,
1525 2462 1620 2504 Ste-

92 2514 235 2568 phano
268 2521 309 2554 et
332 2513 634 2553 mercatoribus
656 2512 870 2566 predictis,
894 2514 960 2553 vel
983 2515 1056 2554 uni
1079 2529 1239 2565 eorum,
1263 2517 1455 2570 predicta
1475 2533 1619 2562 mane-

93 2571 168 2621 aia,
203 2585 298 2611 cum
325 2572 408 2611 suis
429 2570 720 2623 pertinenciis,
744 2570 951 2620 dominiis,
975 2571 1208 2621 dominicis,
1231 2573 1498 2626 molendinis,
1521 2577 1618 2618 bos-

94 2629 166 2678 cis,
190 2628 356 2677 wardis,
379 2627 560 2676 releviis,
585 2627 826 2683 maritagiis,
849 2628 1046 2683 proficuis
1069 2639 1342 2681 escaetarum,
1366 2646 1461 2672 cum
1484 2635 1618 2675 omni-

92 2685 170 2726 bus
202 2685 291 2725 aliis
316 2684 481 2739 juribus
514 2685 636 2725 dictis
658 2685 854 2725 maneriis
875 2686 1236 2742 qualitercumque
1257 2690 1545 2742 spectantibus
1568 2707 1617 2735 ac

92 2742 422 2784 comoditatibus
444 2750 486 2784 et
507 2742 705 2798 proficuis
727 2756 823 2797 quae
844 2743 886 2784 in
908 2743 1068 2786 eisdem
1086 2744 1279 2787 accidere
1296 2754 1510 2801 poterunt,
1530 2749 1617 2792 sine
