1807 2962
245 95 307 137 81«
576 103 711 135 HIST.
741 102 977 134 DUNELM.
1003 101 1306 133 scitiPTonEs
1328 101 1468 133 TnEs,

251 212 373 252 nimis
409 211 632 254 dilexerat.
700 209 954 250 Praefecerat
988 208 1142 250 eumin
1166 208 1447 257 cardinalem3
1473 215 1517 249 et
1539 207 1771 249 decanatus

255 269 596 312 Lincolniensem
629 278 672 311 et
712 267 1058 308 Londoniensem
1090 275 1132 307 et
1155 266 1287 307 multa
1307 266 1516 307 beneficia
1535 264 1709 321 pinguia
1728 265 1773 306 in

257 328 413 384 Anglia
445 327 484 368 ei
517 324 647 370 dedit.
714 325 816 367 Erat
841 324 1008 381 juvenis
1028 325 1136 365 bene
1153 333 1385 374 naturatus,
1409 323 1484 365 sed
1505 323 1627 364 nimis
1649 324 1775 364 luxu-

252 386 401 428 riosus.
480 384 596 427 Odio
631 383 760 438 igitur
795 383 951 424 Prioris
985 393 1250 438 suggesserat
1284 382 1523 437 Episcopus
1548 382 1692 437 Papae,
1726 389 1774 422 ut

252 444 290 485 ei
322 443 533 485 conferret
559 442 797 483 Prioratum
821 442 874 482 de
900 440 1200 495 Coldingham.
1264 440 1350 481 Sed
1377 436 1486 490 Rex,
1509 441 1616 481 sicut
1635 440 1773 481 bonus

255 511 297 542 et
318 501 515 556 prudenS,
540 499 757 555 respondit
781 499 942 540 nunciis
967 499 1110 553 Papae,
1136 496 1338 538 “Miror'’
1362 497 1554 553 [inquit,]
1575 504 1667 539 “ex
1689 511 1775 553 quo

258 561 375 614 Papa
398 568 560 600 tantum
583 558 721 612 diligit
753 558 870 598 illum
893 566 1090 611 nepotem
1111 571 1247 606 suum,
1272 557 1386 613 quod
1403 555 1505 596 wult
1522 555 1661 597 facere
1675 569 1775 597 eum

255 619 422 672 nigrum
445 616 742 659 monachnm.’'
782 616 838 657 Et
858 615 938 656 illis
960 614 1256 664 asserentibus,
1280 613 1396 669 quod
1417 613 1497 654 hoc
1514 628 1600 654 non
1618 612 1779 667 cogita-

253 676 307 716 vit
330 693 351 724 ς.μ
375 686 417 717 et
455 675 549 715 Rex
568 690 580 721 ;
615 674 709 715 “Et
741 688 817 729 per
851 681 1039 714 sanctum
1063 673 1206 713 Deum
1228 687 1315 712 non
1339 671 1513 713 habebit
1537 671 1779 712 Prioratum

255 735 400 784 illum,
420 734 498 774 nisi
528 732 677 774 fecerit
708 747 751 772 se
781 731 1067 779 monachum3
1110 731 1177 771 Ita
1207 731 1320 770 enim
1351 737 1496 785 posset
1532 729 1649 783 Papa
1679 743 1780 770 con-

255 793 363 833 ferre
385 791 617 847 quamlibet
648 789 890 832 abbathiam
913 790 953 829 in
982 788 1136 843 Anglia
1155 787 1424 829 saecularibus
1443 802 1454 836 3
1482 797 1525 829 et
1541 787 1780 828 destruere-

255 861 324 890 tur
363 850 633 905 eleemosyna
675 857 821 889 nostra
860 855 902 889 et
944 846 1264 902 progenitorum
1298 845 1579 886 nostrorum.''
1644 845 1780 886 Beata

255 918 381 958 terra,
416 909 543 962 cujus·
574 907 669 947 Rex
702 905 867 949 nobilis,
946 905 1131 946 Veniens
1167 904 1290 945 Prior
1310 903 1365 945 ad
1387 903 1559 953 curiam,
1583 911 1778 958 receptus

255 976 318 1007 est
350 982 374 1006 a
406 966 523 1020 Papa
559 973 601 1006 et
632 964 913 1005 cardinalibus
946 977 1041 1004 cum
1064 962 1223 1003 favore.
1309 961 1465 1018 [Unde
1492 961 1609 1015 Papa
1631 961 1780 1002 videns

255 1023 512 1078 eleganciam
534 1037 742 1078 personae,
766 1036 930 1063 morum
953 1020 1249 1069 maturitatem,
1272 1018 1497 1060 scienciam
1515 1028 1557 1060 et
1578 1018 1778 1075 eloquen-

255 1083 376 1132 ciam,
410 1082 624 1123 fatebatur
645 1096 688 1122 se
720 1095 804 1120 non
839 1079 973 1120 solum
997 1078 1176 1133 pessime
1198 1078 1271 1118 sed
1295 1077 1529 1132 pessissime
1551 1091 1711 1118 errasse
1734 1077 1776 1116 in

253 1140 529 1195 suspensione
546 1140 649 1194 ejuS,
672 1147 715 1179 et
734 1152 827 1179 eum
852 1137 1037 1178 restituit
1058 1145 1210 1176 octavo
1231 1135 1338 1187 kat]
1359 1134 1626 1176 Novembris.
1690 1134 1777 1177 Sed

254 1214 333 1254 pro
356 1197 623 1239 restitutione
646 1196 759 1237 mille
781 1210 940 1236 marcas
958 1197 1084 1246 [suae]
1104 1208 1283 1235 camerae
1304 1192 1410 1235 solvi
1430 1192 1590 1234 statuit.
1655 1191 1780 1234 Prior

256 1271 369 1306 vero,
400 1257 458 1296 sic
490 1255 723 1304 restitutus,
763 1253 803 1294 in
827 1253 943 1294 curia
966 1261 1156 1293 mortuus
1173 1260 1250 1302 est,
1274 1251 1424 1307 quinto
1445 1251 1538 1292 idus
1569 1250 1776 1300 Januarfi,

255 1329 371 1356 anno
405 1313 583 1355 Domini
616 1325 738 1353 Mccc
768 1311 965 1367 septimo,
1000 1319 1043 1353 et
1079 1310 1223 1351 omnia
1258 1310 1371 1351 bona
1403 1324 1491 1360 sua,
1528 1308 1639 1366 equi,
1678 1324 1781 1350 vasa

259 1371 589 1426 argentea,libri
621 1379 663 1412 et
683 1370 843 1425 jocalia
862 1384 1042 1410 camerae
1069 1368 1198 1424 Papae
1221 1368 1458 1410 confiscata*
1473 1376 1584 1409 sunt.
1660 1366 1782 1409 Nota

258 1431 400 1480 etiam,
437 1429 553 1486 quod
589 1444 703 1469 anno
741 1427 917 1469 Domini
959 1440 1079 1469 Mccc
1116 1427 1284 1482 quinto,
1317 1426 1430 1466 missi
1463 1434 1561 1466 sunt
1596 1426 1778 1480 juvenes

260 1488 455 1529 monachi
502 1487 727 1528 duodecim
770 1486 883 1540 apud
939 1485 1240 1539 Coldingham,
1289 1492 1333 1524 et
1369 1483 1425 1525 ibi
1460 1484 1514 1525 ab
1566 1483 1778 1538 Episcopo

258 1546 389 1587 sancti
424 1545 610 1586 Andreae
642 1543 839 1585 ordinati.
902 1544 1116 1584 Antonius
1138 1543 1249 1584 enim
1267 1551 1467 1597 reputans
1492 1541 1682 1583 Priorem
1704 1556 1780 1582 ex-

259 1604 617 1645 communicatum
665 1611 708 1643 et
749 1602 929 1656 majores
970 1600 1160 1656 capituli,
1202 1601 1338 1642 noluit
1378 1600 1540 1656 aliquos
1581 1599 1780 1641 ordinare

259 1671 537 1718 praesentatos
578 1675 653 1716 per
694 1661 821 1714 ipsos.
891 1660 1022 1711 [Cum
1071 1659 1166 1699 Rex
1210 1658 1381 1715 Angliae
1424 1658 1659 1699 Edwardus
1700 1659 1780 1699 sibi

267 1720 458 1761 &cociam
491 1719 768 1775 subjugasset,
803 1726 845 1759 et
875 1717 1103 1759 fidelitates
1124 1726 1167 1758 et
1189 1716 1388 1771 homagia
1407 1715 1632 1771 acciperet,
1656 1716 1781 1757 alter-

260 1787 401 1820 catum
431 1785 496 1819 est
518 1778 628 1818 inter
648 1777 775 1817 istum
802 1775 990 1817 Priorem
1018 1775 1248 1816 Ricardum
1270 1784 1311 1816 et
1335 1775 1400 1816 H.
1420 1774 1474 1818 de
1497 1774 1780 1824 Horncastre,

265 1837 457 1878 Priorem
488 1836 541 1877 de
574 1834 875 1888 Coldin-gham,
909 1833 1000 1890 quis
1033 1848 1179 1875 eorum
1212 1832 1461 1875 fidelitatem
1497 1832 1605 1887 Regi
1640 1832 1781 1874 facere

261 1896 460 1936 deberet:
494 1893 603 1934 dixit
635 1892 746 1934 enim
786 1892 909 1933 Prior
948 1891 1154 1933 Ricardus
1187 1906 1230 1932 se
1272 1891 1427 1932 debere
1466 1891 1620 1941 facere,
1663 1891 1781 1947 quod

263 1953 406 1994 omnia
440 1952 696 2007 pertinentia
731 1950 787 1991 ad
827 1949 1114 2007 Coldingham
1146 1958 1243 1991 sunt
1270 1948 1426 1991 collata
1445 1949 1545 1991 Deo
1566 1957 1613 1990 et
1631 1956 1779 1990 sancto

268 2011 526 2060 cuthberto,
572 2009 708 2050 Priori
743 2016 788 2050 et
828 2008 1057 2049 conventui
1092 2007 1390 2057 Dunelmensi,
1425 2015 1469 2049 et
1504 2006 1629 2048 etIam
1663 2006 1780 2063 quod

267 2069 388 2110 Prior
419 2069 472 2109 de
507 2066 790 2121 Coldingham
828 2066 994 2107 dativus
1026 2074 1101 2116 est,
1137 2066 1233 2108 ideo
1264 2080 1341 2106 nec
1373 2065 1502 2107 debet
1527 2065 1780 2107 fidelitatem

263 2128 403 2168 facere
449 2127 572 2180 Regi,
615 2140 694 2167 nee
735 2124 1021 2165 obedientiam
1057 2123 1258 2180 episcopo
1293 2123 1426 2165 sancti
1463 2123 1663 2167 Andreae.
1742 2121 1782 2163 E

264 2200 484 2234 converso,
519 2199 633 2234 vero,
672 2184 884 2225 asserebat
923 2182 1044 2223 Prior
1079 2182 1132 2223 de
1176 2181 1477 2236 Coldingham,
1519 2196 1648 2235 grave
1688 2195 1781 2223 esse

266 2244 404 2285 Priori
440 2241 717 2283 Dunelmensi
755 2240 898 2282 venire
930 2240 984 2281 ad
1017 2240 1340 2295 parliamentum
1374 2239 1504 2293 Regis
1531 2239 1702 2290 Scotiae‚
1725 2239 1781 2280 ad

265 2302 507 2343 vocationes
544 2309 589 2342 et
625 2298 789 2357 synoda
821 2298 1005 2353 episcopi
1033 2298 1164 2340 sancti
1187 2298 1391 2347 Andreae,
1416 2306 1457 2338 et
1491 2298 1623 2352 magis
1651 2312 1781 2352 expe-

265 2360 357 2401 dire
392 2359 581 2401 Priorem
614 2359 667 2399 de
701 2356 984 2411 Coldingham
1017 2356 1222 2411 praedicta
1251 2356 1389 2397 facere
1431 2370 1556 2412 quam
1591 2355 1781 2396 Priorem

266 2417 611 2458 Dunelmensem.
676 2414 772 2457 Istis
803 2414 861 2456 sic
892 2415 1209 2464 altercantibus,
1235 2414 1345 2455 dixit
1366 2414 1561 2455 dominus
1586 2414 1783 2467 Rogerus

264 2478 317 2517 de
354 2476 588 2524 Brabazon‚
629 2473 757 2528 Regis
783 2472 1056 2527 justiciarius,
1093 2479 1122 2499 ‘⁶
1140 2472 1306 2513 Mavult
1328 2471 1523 2513 dominus
1546 2485 1661 2512 meus
1686 2471 1782 2512 Rex

264 2535 423 2575 habere
455 2533 680 2574 fidelitates
703 2546 776 2572 seu
799 2531 997 2586 homagia
1017 2531 1197 2572 duorum
1221 2545 1346 2586 quam
1369 2530 1531 2575 unius,''
1553 2539 1597 2570 et
1618 2530 1677 2570 ita
1697 2539 1784 2571 tam

267 2592 389 2633 Prior
413 2591 724 2640 Dunelmensis,
750 2604 877 2645 quam
901 2589 953 2631 de
981 2589 1264 2643 Coldingham
1287 2588 1531 2630 fidelitatem
1553 2602 1629 2643 p-ro
1653 2587 1783 2629 Cold-

265 2649 433 2706 ingliam
463 2649 569 2705 Regi
592 2648 726 2698 fecit]
