1807 2962
454 83 733 116 APPENDIX.
764 81 883 114 ANN.
912 83 1207 116 MCLxxxix.
1535 72 1597 119 lix

68 201 131 236 est
151 191 379 240 indultum,
404 189 471 230 vel
500 205 525 230 a
547 189 693 231 vestris
717 189 996 232 Pontificibus
1019 191 1330 240 confirmatum,
1355 190 1441 233 sive
1463 207 1488 234 a
1512 194 1600 235 Re-

67 251 192 306 gibus
238 249 474 303 Anglorum
522 256 566 289 et
607 247 698 288 aliis
740 247 1001 303 principibus
1043 248 1353 290 rationabiliter
1394 258 1457 290 est
1498 265 1600 292 con-

68 322 230 350 cessum
262 315 306 347 et
338 306 542 347 hactenus
564 305 849 355 observatum,
875 306 1118 347 firmitatem
1139 315 1388 361 perpetuam
1411 307 1602 348 decerni-

68 380 160 407 mus
183 365 393 419 optinere.
458 363 560 404 Paci
581 378 750 419 quoque
783 373 827 404 et
849 364 1147 419 tranquillitati
1184 373 1337 405 vestrae
1359 374 1537 419 paterna
1559 365 1602 406 iu

68 432 286 479 posterum
308 420 596 462 sollicitudine
619 421 843 474 providere
866 422 1067 472 volentes,
1092 423 1346 463 auctoritate
1368 422 1603 477 apostolica

68 480 343 537 prohibemus
366 493 419 519 ne
441 479 548 534 quis,
571 477 682 519 infra
698 478 805 519 fines
828 479 1055 520 domorum
1079 488 1329 529 vestrarum,
1353 480 1515 521 furtum
1537 495 1604 522 ra-

69 539 267 594 pinamve
305 537 588 585 committere,
637 535 780 592 ignem
817 551 1049 591 apponere,
1093 537 1311 578 hominem
1343 552 1494 592 capere
1533 538 1602 579 vel

68 596 323 644 interficere,
356 609 430 635 seu
466 594 651 650 aliquam
696 593 950 635 violenciam
996 604 1157 636 temere
1193 594 1348 636 audeat
1382 610 1599 639 exercere.

73 652 353 695 Decernimus
395 667 499 708 ergo
537 662 584 692 ut
616 651 721 692 nulli
758 651 930 692 omnino
966 652 1187 693 hominum
1224 653 1350 695 liceat
1382 652 1606 708 praefatam

71 711 288 753 ecclesiam
323 719 483 751 temere
514 709 781 764 perturbare,
817 718 891 750 aut
920 710 1011 764 ejus
1042 710 1326 764 possessiones
1348 710 1515 752 auferre
1537 711 1606 752 vel

71 769 234 811 ablatas
255 768 457 817 retinere,
476 767 682 817 minuere,
699 782 773 808 seu
790 767 1050 823 quibuslibet
1076 768 1373 809 vexationibus
1399 769 1578 823 fatigare
1594 784 1604 810 ε

73 827 148 869 sed
161 826 303 868 omnia
316 825 482 880 integra
499 835 814 875 conserventur,
825 840 986 876 eorum,
1005 841 1083 881 pro
1097 841 1277 882 quorum
1294 827 1605 883 gubernatione

73 900 121 926 ac
158 883 470 925 sustentacione
510 897 710 923 concessa
750 893 864 933 sunt,
888 883 1031 925 usibus
1069 884 1324 925 omnimodis
1357 884 1604 939 profutura:

73 942 190 984 salva
225 940 345 983 Sedis
378 939 643 995 Apostolicae
674 940 929 982 auctoritate
956 950 1000 982 et
1020 941 1346 982 diocesanorum
1373 941 1608 997 Episcopo-

73 1015 168 1041 rum
201 998 405 1040 canonica
434 997 617 1052 justicia.
685 998 730 1039 Si
763 1013 859 1053 quae
895 998 1024 1052 igitur
1044 999 1089 1039 in
1109 999 1301 1040 futurum
1322 999 1609 1041 ecclesiastica

73 1056 326 1099 secularisve
357 1070 553 1110 persona,
586 1055 694 1095 hanc
722 1064 879 1096 nostrae
900 1055 1214 1097 constitutionis
1236 1057 1434 1111 paginam
1455 1057 1605 1108 sciens,

73 1123 223 1156 contra
243 1129 337 1155 eam
359 1122 518 1154 temere
536 1113 679 1153 venire
703 1115 989 1166 temptaverit,
1010 1114 1198 1155 secundo
1216 1114 1403 1156 terciove
1418 1130 1610 1156 commo-

74 1173 178 1222 nita,
213 1171 291 1211 nisi
320 1180 483 1211 reatum
504 1184 625 1211 suum
648 1169 777 1223 digna
797 1170 1090 1212 satisfaccione
1112 1172 1361 1222 correxerit,
1384 1174 1608 1226 potestatis

74 1230 335 1284 honorisque
371 1228 434 1268 sui
456 1236 596 1268 careat
616 1227 837 1281 dignitate,
862 1243 1063 1285 reamque
1086 1244 1130 1270 se
1153 1229 1298 1270 divino
1313 1230 1476 1285 judicio
1498 1230 1609 1271 exis-

75 1297 163 1330 tere
199 1287 252 1327 de
290 1289 534 1341 perpetrata
565 1284 790 1340 iniquitate
825 1295 1069 1342 cognoscat,
1103 1296 1147 1327 et
1168 1301 1193 1327 a
1214 1287 1495 1328 sacratissimo
1517 1302 1611 1328 cor-

77 1360 182 1400 pore
223 1359 272 1385 ac
313 1344 518 1397 sanguine
559 1342 657 1392 Dei,
697 1352 741 1383 et
794 1343 971 1384 Domini
1006 1344 1287 1399 redemptoris
1329 1345 1462 1386 nostri
1503 1346 1609 1386 Jesu

83 1402 256 1451 Christi,
294 1401 433 1442 aliena
468 1401 545 1441 fiat
578 1408 706 1456 atque
735 1400 779 1440 in
800 1408 996 1442 extremo
1018 1403 1211 1443 examine
1234 1402 1436 1443 districtae
1458 1402 1612 1443 ultioni

78 1461 308 1514 subjaceat.
375 1458 548 1500 Cunctis
581 1468 724 1498 autem
760 1458 897 1499 eidem
934 1459 1030 1500 loco
1051 1475 1127 1500 sua
1151 1460 1251 1514 jura
1271 1459 1534 1501 servantibus
1557 1461 1612 1501 sit

78 1533 166 1574 pax
199 1515 374 1558 Domini
404 1515 537 1556 nostri
567 1516 669 1556 Jesu
704 1515 878 1565 Christi,
904 1518 1102 1572 quatinus
1125 1527 1166 1559 et
1189 1518 1257 1560 hic
1275 1518 1460 1559 fructum
1482 1518 1610 1558 bonae

80 1574 256 1617 actionis
288 1574 534 1628 percipiant,
568 1581 612 1614 et
634 1573 749 1627 apud
770 1573 1009 1615 districtum
1024 1575 1216 1629 judicem
1238 1576 1415 1631 praemia
1436 1584 1611 1617 aeternae

80 1633 196 1690 pacis
217 1631 447 1682 inveniant.
514 1631 667 1671 Amen.

197 1838 275 1867 XL.
328 1837 475 1865 CARTA
516 1837 650 1865 REGIS
693 1837 883 1865 RICARDI
926 1838 1061 1865 PRIMI
1115 1839 1257 1866 FACTA
1309 1840 1494 1868 HUGONI

200 1896 422 1924 EPISCOPO
446 1896 505 1922 DE
529 1895 586 1922 LA
608 1894 892 1922 WAPENTAKE
927 1896 985 1922 DE
1018 1896 1225 1923 SADBERY
1250 1896 1298 1923 IN
1321 1897 1498 1924 EXCAM-

202 1955 281 1982 BIO
306 1953 402 1981 CUM
431 1953 581 1981 FEODO
606 1952 812 1980 EPISCOPI
836 1953 1163 1981 DUNELMENSIS
1188 1954 1236 1981 IN
1260 1954 1496 1982 LYNCOLN-

202 2012 355 2040 SHIRE.

609 2065 722 2109 [On'g.
740 2069 776 2098 et
793 2065 887 2098 Cart.
905 2065 935 2097 I.
952 2065 974 2098 f.
992 2069 1087 2109 248]

147 2142 357 2184 Ricardus
393 2141 478 2183 Dei
509 2141 654 2198 gracia
689 2141 789 2182 Rex
822 2141 993 2195 Angliae
1017 2142 1124 2183 Dux
1148 2141 1443 2194 Normanniae,
1479 2144 1615 2200 Aqui-

88 2201 228 2250 taniae,
254 2201 408 2241 Comes
443 2198 708 2253 Andegaviae
736 2198 1079 2253 Archiepiscopis
1102 2208 1144 2240 et
1169 2199 1406 2255 EpiscopiS,
1434 2202 1616 2242 Comiti-

85 2259 177 2308 bus,
202 2258 455 2305 Baronibus,
483 2255 829 2306 Vieecomitibus‚
873 2265 917 2296 et
949 2256 1142 2297 omnibus
1164 2257 1330 2298 ballivis
1353 2266 1396 2298 et
1418 2258 1615 2299 ministris

88 2314 173 2356 suis
205 2316 340 2355 tocius
366 2313 548 2367 Angliae,
573 2314 768 2354 salutem.
836 2313 987 2354 Sciatis
1009 2329 1086 2354 nos
1109 2313 1274 2355 dedisse
1297 2324 1339 2355 et
1359 2315 1616 2357 concessisse

91 2381 135 2413 et
155 2371 354 2426 praesenti
371 2380 488 2411 carta
504 2371 774 2412 confirmasse
791 2370 890 2411 Deo
907 2379 949 2411 et
962 2371 1091 2411 beato
1111 2371 1354 2412 Cuthberto
1368 2380 1410 2412 et
1428 2373 1617 2414 ecelesiae

93 2427 385 2477 Dunelmensi,
402 2435 445 2468 et
464 2427 637 2481 Hugoni
655 2427 933 2468 Dunelmensi
950 2427 1163 2482 episcopo,
1183 2443 1283 2469 caro
1300 2429 1618 2484 consanguineo

92 2495 259 2536 nostro,
297 2493 341 2526 et
376 2484 685 2525 successoribus
725 2485 828 2538 ejuS‚
854 2483 895 2524 in
917 2499 1066 2539 puram
1089 2494 1133 2525 et
1154 2494 1405 2540 perpetuam
1427 2487 1619 2528 elemosi-

93 2559 208 2593 nam,
231 2558 310 2598 pro
332 2541 472 2583 anima
492 2540 621 2596 patris
644 2542 775 2583 nostri
797 2550 838 2582 et
859 2550 1172 2583 antecessorum
1195 2552 1451 2594 nostrorum,
1475 2553 1519 2585 et
1539 2560 1619 2600 pro

97 2601 231 2642 salute
272 2608 420 2641 nostra
459 2608 503 2640 et
542 2598 750 2640 heredum
800 2607 1056 2648 nostrorum,
1096 2608 1139 2640 et
1178 2614 1256 2654 pro
1297 2601 1528 2643 stabilitate
1575 2611 1620 2644 et

96 2658 358 2700 incremento
394 2656 515 2711 regni
547 2656 697 2707 nostri,
732 2656 966 2697 manerium
997 2665 1189 2698 nostrum
1221 2657 1275 2699 de
1307 2658 1502 2713 Sadberg
1524 2675 1620 2701 cum

98 2715 363 2773 wapentagio
405 2715 459 2757 ad
500 2714 614 2757 idem
656 2713 886 2757 manerium
924 2713 1175 2771 pertinente,
1215 2724 1258 2757 et
1291 2730 1388 2759 cum
1424 2718 1621 2760 omnibus
