1807 2962
181 97 359 145 CXXXVl
519 113 655 145 HIST.
683 112 923 144 DUNELM.
954 111 1258 144 SCRIPTORES
1286 113 1425 145 TRES.

296 414 438 441 CXVII·
472 412 791 441 CONFIRMACIO
824 409 1058 439 JOHANNIS
1091 410 1149 437 DE
1178 410 1324 438 ELVET
1347 412 1474 445 QUOD
1497 414 1592 442 NON

537 470 756 498 PONETUR
781 469 830 497 ΙΝ
856 468 1013 496 ASSISIS
1035 468 1126 496 NEC
1149 469 1354 498 JURATIS.

776 563 877 608 [Reg.
898 562 946 596 11.
961 562 1020 596 fol.
1041 564 1130 607 152]

244 643 452 686 Omnibus
488 641 646 683 Christi
677 639 875 682 fidelibus
905 648 1136 695 praesentes
1166 639 1311 682 literas
1344 640 1605 696 inspecturis,
1638 642 1713 684 Jo-

179 702 339 744 hannes
374 700 500 742 Prior
530 698 718 741 ecclesiae
744 697 1058 748 DunelmensiS,
1082 706 1125 739 et
1147 699 1335 753 ejusdem
1357 699 1438 740 loci
1463 701 1713 742 Conventus

179 761 358 802 salutem
390 759 432 799 in
464 757 654 799 omnium
687 757 924 799 Salvatore.
990 755 1205 797 Noveritis
1229 771 1303 797 nos
1325 756 1468 799 literas
1491 759 1712 800 reverendi

177 820 223 860 in
259 817 431 860 Christo
467 815 596 871 patris
631 823 674 857 et
705 814 865 856 domini
898 814 1095 864 Thomae,
1131 814 1214 856 Dei
1245 816 1388 868 gracia
1410 816 1712 858 Dunelmensis

183 876 400 932 Episcopi,
444 875 521 915 sub
563 883 709 915 tenore
746 873 818 928 qni
853 872 1042 928 sequitur
1075 872 1322 927 inspexisse.
1389 873 1585 916 Thomas
1624 875 1710 916 Dei

177 935 323 992 gracia
356 933 593 988 Episcopus
626 930 943 980 Dunelmensis‚
978 930 1172 971 omnibus
1195 939 1238 972 et
1260 931 1709 986 singulisjusticiariis,

177 991 514 1040 vicecomitibus,
548 988 726 1038 ballivis,
760 998 802 1030 et
826 988 1036 1038 ministris,
1061 1003 1109 1029 ac
1131 988 1222 1028 aliis
1244 988 1581 1046 quibuscumque
1605 992 1711 1032 fide-

177 1051 287 1092 libus
318 1049 416 1100 suis,
449 1048 640 1091 salutem,
707 1046 857 1089 Sciatis
889 1046 1019 1102 quod,
1054 1046 1108 1086 de
1130 1047 1273 1100 gracia
1294 1056 1438 1088 nostra
1458 1049 1644 1102 speciali,
1669 1058 1709 1091 el

179 1124 259 1164 pro
291 1108 406 1149 bono
428 1115 472 1148 et
502 1106 690 1163 gratuito
722 1103 899 1145 servicio
921 1104 1038 1159 quod
1060 1104 1238 1145 dilectus
1270 1106 1393 1146 nobis
1414 1106 1632 1148 Johannes
1655 1107 1710 1148 de

181 1167 310 1209 Elvet
341 1165 516 1206 clericus
549 1163 672 1204 nobis
704 1171 748 1204 et
780 1161 969 1204 ecclesiae
1006 1171 1165 1203 nostrae
1195 1162 1479 1204 Dunelmensi
1505 1164 1710 1206 hactenus

178 1223 387 1280 impendit
410 1232 454 1264 et
475 1221 692 1276 impendet
722 1220 765 1261 in
786 1220 990 1270 futurum,
1014 1221 1296 1262 concessimus
1317 1236 1396 1276 pro
1417 1222 1537 1263 nobis
1559 1231 1601 1264 et
1618 1238 1712 1264 suc-

179 1282 416 1325 cessoribus
452 1279 619 1329 nostris,
655 1287 859 1335 quantum
890 1278 932 1318 in
962 1278 1084 1319 nobis
1106 1288 1183 1328 est,
1208 1279 1346 1321 eidem
1367 1279 1568 1331 Johanffl,
1593 1282 1708 1337 quod

176 1341 268 1396 ipse.
302 1341 357 1381 ad
388 1348 520 1381 totam
558 1337 728 1395 [vitam]
759 1351 881 1378 snam
912 1337 1019 1377 hanc
1051 1336 1206 1379 habeat
1227 1337 1484 1387 libertatem,
1509 1338 1710 1381 videlicet

177 1399 294 1456 quod
326 1413 410 1439 non
443 1408 625 1452 ponatur
652 1396 694 1436 in
717 1395 868 1445 assisis,
885 1394 1054 1450 juratiS,
1078 1410 1152 1436 seu
1173 1395 1538 1453 recognicionibus
1561 1397 1711 1453 aliqui-

174 1458 270 1508 bus,
305 1465 454 1498 contra
483 1454 744 1496 voluntatem
777 1468 909 1494 suam.
973 1453 1031 1495 Et
1063 1453 1161 1494 ideo
1187 1453 1303 1495 vobis
1325 1454 1573 1496 mandamus
1595 1456 1711 1512 quod

177 1517 315 1571 ipsum
342 1515 583 1556 Johannem
607 1521 754 1553 contra
774 1511 882 1553 hanc
905 1511 1216 1553 concessionem
1240 1521 1430 1553 nostram
1454 1528 1539 1554 non
1561 1514 1711 1555 moles-

177 1574 273 1616 tetis
295 1574 337 1614 in
359 1572 515 1628 aliquo,
540 1587 613 1612 seu
633 1570 828 1627 gravetis·
872 1570 922 1611 In
945 1571 1062 1626 cujus
1083 1570 1145 1610 rei
1167 1569 1455 1612 testimonium
1477 1570 1551 1612 has
1569 1571 1711 1613 literas

176 1641 348 1674 nostras
390 1629 482 1671 fieri
522 1629 698 1671 fecimus
738 1637 947 1683 patentes
1030 1628 1160 1670 Datae
1202 1628 1407 1670 Dunelmi
1447 1644 1523 1684 per
1562 1644 1710 1671 manus

180 1689 447 1732 Willelmide
469 1687 624 1729 Westle
642 1687 790 1728 decani
808 1687 861 1728 de
878 1686 1119 1736 Aul'zeland,
1139 1686 1379 1728 cancellarii
1393 1686 1540 1738 nostri,
1557 1688 1709 1744 quinto

178 1749 248 1791 die
280 1747 383 1790 Julii
413 1761 525 1788 anno
556 1745 830 1801 pontificatus
861 1744 993 1786 nostri
1026 1759 1154 1785 nono.
1217 1744 1335 1793 Quas
1358 1744 1529 1800 quidem
1551 1746 1710 1797 literas,

176 1822 268 1857 nos,
305 1806 430 1847 Prior
464 1812 507 1845 et
540 1806 787 1847 Conventus
819 1802 1056 1852 memorati,
1094 1810 1205 1843 ratas
1237 1802 1439 1844 habentes
1470 1803 1630 1858 pariter
1667 1814 1709 1846 et

176 1872 386 1918 acceptaS,
420 1877 490 1903 eas
522 1872 728 1918 quantum
761 1861 803 1901 in
835 1860 956 1902 nobis
987 1869 1064 1910 est,
1093 1875 1170 1915 pro
1193 1860 1311 1901 nobis
1334 1870 1378 1902 et
1397 1861 1707 1903 successoribus

175 1922 331 1963 nostris
363 1920 632 1969 ratificamus,
665 1919 962 1973 approbatum,
996 1926 1039 1958 et
1071 1926 1221 1958 tenore
1253 1918 1532 1973 praesencium
1554 1921 1709 1961 confir-

175 1994 353 2021 mamus,
417 1978 467 2018 In
504 1979 620 2033 cujus
653 1977 716 2017 rei
745 1975 1035 2017 testimonium
1067 1975 1250 2029 sigillum
1281 1990 1504 2017 commune
1530 1977 1705 2032 capituli

174 2036 308 2080 nostri
348 2036 630 2091 praesentibus
667 2042 730 2075 est
765 2048 1011 2088 appensum.
1085 2034 1204 2074 Data
1239 2033 1458 2084 Dunelmi,
1497 2034 1541 2075 in
1576 2036 1707 2077 domo

175 2103 322 2136 nostra
346 2092 580 2148 capitulari,
605 2091 691 2148 xvij
713 2091 781 2133 die
803 2091 955 2132 mensis
980 2091 1213 2142 Februarii,
1237 2107 1350 2134 anno
1373 2092 1548 2134 Domini
1570 2093 1705 2136 mille-

175 2153 282 2194 simo
304 2157 421 2194 ccc¹¹‘⁰
444 2149 795 2208 quinquagesimo
816 2149 1011 2205 septimo.

261 2416 268 2424 χ
292 2394 446 2422 cxvln.
479 2390 799 2422 CONFIRMACIO
830 2391 1005 2419 TnoMAE
1033 2392 1091 2419 DE
1115 2393 1319 2420 ANESLEY
1342 2393 1399 2421 DE
1424 2394 1588 2423 FORES-

555 2449 694 2477 TARIA
716 2449 773 2476 DE
798 2449 985 2477 RANTON
1011 2450 1108 2478 CUM
1130 2451 1327 2479 MINERA.

767 2526 871 2571 meg.
900 2527 951 2558 11.
971 2527 1045 2564 171.
1063 2527 1115 2569 b.}

233 2607 454 2650 'Universis
494 2607 652 2649 Christi
680 2606 889 2655 fidelibus,
912 2611 1142 2660 praesentes
1163 2604 1307 2646 literas
1340 2603 1604 2659 inspecturis,
1628 2605 1705 2647 Jo-

175 2667 333 2707 hannes
359 2666 483 2706 Prior
504 2664 692 2706 eeclesiae
718 2662 1031 2713 Dnnelmensis,
1065 2672 1110 2703 et
1131 2662 1321 2717 ejusdem
1343 2662 1426 2703 loci
1453 2663 1699 2704 Conventus

175 2725 355 2765 salutem
390 2724 431 2764 in
468 2723 657 2764 Domino
694 2721 1011 2776 sempiternam.
1076 2719 1291 2761 Noveritis
1328 2735 1415 2761 non
1449 2720 1700 2762 concessisse

176 2782 333 2824 dilecto
367 2781 487 2823 nobis
520 2780 563 2822 in
605 2778 777 2822 Christo
817 2778 998 2821 Thomae
1036 2778 1224 2834 Anesley
1250 2777 1433 2820 officium
1469 2778 1698 2820 forestariae
