1807 2962
243 42 336 90 lxiv
530 57 666 89 msr.
695 57 932 90 DrUNELM.
956 56 1268 90 >scammatis
1296 56 1436 89 TRES.

240 173 383 205 tamen
400 163 605 205 karissimi
637 163 678 204 in
706 163 878 206 Christo
909 162 984 204 filii
1005 164 1153 214 nostri,
1181 163 1355 205 Ricardi
1381 163 1616 219 Anglorum
1636 164 1760 219 regis,

239 236 366 278 quem
403 221 516 264 inter
551 231 727 263 caeteros
763 221 876 262 orbis
912 222 1123 276 principes
1156 221 1330 263 sincerae
1366 221 1552 263 caritatis
1582 221 1762 263 brachiis

238 280 542 334 amplexamur,
565 279 762 335 quaedam
784 278 861 320 tibi
882 278 1118 333 speciaiiter
1138 278 1337 320 duximus
1358 279 1625 334 injungenda,
1641 294 1759 335 quae,

239 345 354 378 statu
376 337 592 378 orientalis
625 346 750 378 terrae
777 335 1063 385 considerato,
1096 336 1357 391 temporibus
1388 338 1491 386 istis,
1515 336 1762 378 alicuisano

239 403 284 436 et
295 395 406 436 bene
424 394 579 436 valenti
593 409 677 435 non
692 394 859 436 fuerant
881 393 935 434 de
954 393 1066 435 facili
1085 394 1377 443 concedenda,
1412 395 1519 436 lnde
1532 404 1611 444 vest,
1630 394 1759 450 quod,

240 467 338 493 cum
358 452 474 494 idem
491 452 662 493 illustris
685 451 793 502 Rex,
817 459 945 506 prout
967 451 1125 506 scripto
1147 451 1267 493 nobis
1289 461 1332 493 et
1353 452 1514 493 nunciis
1536 451 1759 502 intimavit,

236 525 316 565 pro
345 509 469 565 regni
501 510 564 550 sui
600 509 794 550 custodia
829 518 872 550 te
913 508 964 550 ad
988 524 1160 564 presens
1182 509 1355 551 duxerit
1376 526 1401 551 a
1420 509 1761 551 Jerosolimitano

236 567 390 609 itinere
412 567 696 617 retinendum,
732 577 776 608 et
808 582 886 608 nos
907 566 986 621 ipsi
1017 582 1150 624 regno
1183 582 1259 607 suo
1300 567 1502 622 expedire
1524 567 1758 618 credamus,

236 624 367 680 ipsius
395 625 523 679 Regis
544 624 738 680 precibus
759 625 992 680 provocati,
1017 633 1060 666 et
1082 624 1353 666 ecclesiarum
1371 624 1554 667 utilitate
1573 635 1758 680 pensata,

236 683 491 725 fraternitati
525 692 610 724 tuae
655 682 910 724 auctoritate
948 682 1211 737 presencium
1242 682 1432 724 districte
1477 682 1757 738 praecipimus,

237 741 434 797 quatinus
457 735 589 797 us'que
622 740 677 781 ad
709 740 895 782 reditum
911 740 1039 795 ipsius
1064 739 1210 794 Regis,
1231 755 1358 795 quem
1379 755 1642 796 prosperum,
1668 740 1761 782 Do-

236 800 352 840 mino
394 799 518 849 duce,
561 798 861 848 desideramus,
899 813 925 839 a
958 798 1180 853 proposito
1215 813 1303 839 non
1342 806 1573 853 postponas
1609 797 1759 840 itinere

237 871 483 905 remanere3
516 871 589 897 eos
624 871 727 896 vero
760 855 833 911 qui
866 855 1086 897 occasione
1128 865 1203 896 tua
1232 870 1402 896 crucem
1430 865 1757 910 assumpserant,

235 929 342 970 quos
374 914 451 955 tibi
480 913 737 955 necessarios
759 913 928 963 videris,
951 913 1146 954 volumus
1169 921 1215 954 ut
1237 913 1314 953 tibi
1335 913 1460 954 liceat
1481 914 1535 955 ad
1558 923 1676 954 tuum
1698 914 1761 954 in-

235 972 358 1013 terim
380 971 596 1013 servitium
612 971 807 1014 retinere.
873 970 977 1011 Post
991 971 1173 1012 reditum
1194 979 1338 1011 autem
1360 971 1540 1025 predicti
1566 971 1695 1028 Regis
1718 971 1760 1012 in

233 1031 410 1084 optione
444 1037 518 1070 tua
548 1028 744 1083 ponimus
776 1037 917 1069 utrum
939 1036 1095 1068 terram
1112 1037 1300 1069 sanctam
1322 1028 1364 1068 in
1388 1043 1568 1083 persona
1587 1030 1761 1084 propria

236 1087 306 1128 vel
326 1088 451 1128 rebus
474 1086 653 1127 volueris
675 1085 863 1127 visitare.
928 1084 1104 1126 Interim
1127 1093 1284 1135 tamen,
1308 1085 1407 1141 quia
1423 1101 1500 1127 nec
1523 1095 1598 1127 tuo
1620 1087 1758 1128 officio

234 1145 428 1200 expedit,
451 1158 531 1184 nec
561 1143 731 1183 videtur
761 1157 1011 1199 congruum,
1035 1143 1168 1183 crucis
1200 1142 1321 1200 signa
1343 1143 1517 1184 Domini
1549 1144 1754 1199 bajulare,

233 1203 429 1243 volumus
451 1209 499 1241 ut
521 1214 688 1241 crucem
710 1200 914 1255 deponas,
979 1199 1024 1241 Si
1046 1215 1148 1241 vero
1169 1200 1340 1242 interim
1358 1201 1539 1257 aliquem
1562 1216 1618 1242 ex
1640 1203 1758 1244 vobis

231 1259 343 1301 viam
377 1257 585 1299 universae
622 1257 757 1299 carnis
790 1257 835 1298 in
866 1258 981 1299 bona
1020 1257 1282 1300 confessione
1322 1259 1547 1314 contigerit
1580 1259 1757 1314 ingredi,

231 1316 341 1359 illius
375 1315 632 1357 remissionis
668 1316 722 1357 de
745 1315 993 1371 apostolicae
1015 1316 1125 1356 sedis
1154 1316 1426 1371 indulgencia
1455 1317 1664 1373 particeps
1684 1317 1759 1359 ha-

236 1377 389 1418 beatur
419 1389 515 1430 quae
544 1371 589 1414 in
619 1388 802 1428 persona
832 1374 1004 1428 propria
1023 1373 1315 1415 laborantibus
1336 1383 1400 1416 est
1421 1375 1597 1418 indulta.
1643 1375 1759 1418 Data

234 1433 435 1478 Lateran’
460 1446 509 1476 11.
526 1431 646 1473 nonis
670 1431 934 1481 Decembris,
957 1431 1231 1487 pontificatus
1252 1432 1386 1473 nostri
1407 1447 1519 1475 anno
1541 1433 1744 1475 secundo,

467 1676 568 1704 XLV.
602 1675 748 1703 CARTA
769 1675 976 1704 HUGONIS
999 1677 1206 1706 EPISCOPI
1231 1679 1288 1706 DE
1311 1679 1446 1707 VILLA
1468 1680 1526 1708 DE

836 1735 1159 1763 YHOCHEFLET.

808 1811 911 1856 [Reg.
932 1814 963 1846 Ι.
978 1813 1036 1846 fol.
1058 1814 1121 1846 142
1138 1815 1187 1855 b.]

290 1892 357 1934 H.
402 1890 472 1931 dei
502 1888 654 1943 ,gracia
705 1887 1006 1930 Dunelmensis
1060 1891 1309 1948 Episcopus,
1359 1895 1555 1936 omnibus
1599 1904 1758 1939 sanctae

229 1950 373 1992 matris
395 1947 586 1989 ecclesiae
609 1945 718 1994 filiis,
741 1944 935 1990 salutem.
1004 1948 1156 1990 Sciatis
1176 1965 1267 2000 nos,
1289 1951 1554 2002 concessisse,
1578 1953 1755 2005 dedisse,

233 2018 278 2050 et
299 2008 379 2048 hac
411 2002 614 2060 praesenti
650 2011 794 2043 nostra
829 2013 945 2045 carta
981 2006 1266 2058 confirmasse,
1301 2009 1456 2051 dilecto
1487 2010 1578 2052 filio
1609 2021 1757 2053 nostro

232 2063 427 2109 Henrico
459 2062 512 2103 de
536 2061 741 2110 Puteaco,
761 2068 804 2100 et
826 2060 1054 2103 heredibus
1076 2065 1173 2115 suis,
1198 2080 1274 2120 pro
1295 2067 1496 2121 homagio
1517 2076 1560 2109 et
1579 2069 1757 2110 servicio

230 2139 322 2172 suo,
359 2120 503 2161 villam
534 2117 587 2159 de
613 2117 882 2168 Yhockeflet,
907 2134 1002 2160 cum
1025 2123 1218 2164 omnibus
1239 2124 1294 2166 ad
1316 2140 1410 2166 eam
1432 2125 1753 2180 pertinentibus,

229 2183 274 2222 in
305 2179 435 2222 feodo
455 2185 498 2218 et
519 2175 771 2225 hereditate,
797 2178 1022 2219 tenendam
1044 2179 1097 2221 de
1119 2181 1241 2222 nobis
1263 2190 1307 2223 et
1327 2184 1638 2225 successoribus
1659 2200 1758 2225 nos-

228 2239 303 2280 tris
333 2237 480 2285 libere,
504 2235 662 2290 quiete,
686 2232 864 2287 integre,
889 2244 931 2276 et
952 2236 1199 2281 honorifice.
1259 2239 1500 2282 Reddendo
1521 2240 1620 2283 inde
1631 2243 1755 2284 nobis

228 2305 274 2339 et
310 2292 618 2336 successoribus
650 2291 801 2331 nostris
835 2293 1052 2334 annuatim
1089 2305 1271 2351 quatuor
1301 2312 1462 2339 marcas
1488 2299 1668 2353 argenti,
1700 2301 1756 2342 ad

227 2362 412 2411 quatuor
447 2349 648 2391 terminos
680 2349 724 2389 in
770 2348 1096 2393 Houedenschir
1128 2361 1307 2395 statutos
1339 2364 1503 2398 tantum
1534 2371 1613 2411 pro
1636 2358 1755 2399 omni

229 2410 418 2454 servicio.
487 2408 631 2455 Quare
646 2407 839 2448 volumus
860 2409 974 2464 quod
998 2411 1228 2464 praedictus
1255 2412 1481 2464 Henricus,
1505 2422 1549 2454 et
1571 2414 1752 2456 heredes

229 2469 294 2511 sui
329 2475 425 2523 post
461 2480 572 2515 eum,
605 2464 789 2505 habeant
821 2475 863 2506 et
894 2475 1065 2509 teneant
1095 2469 1203 2511 bene
1235 2480 1278 2511 et
1304 2470 1346 2511 in
1368 2486 1472 2526 pace
1492 2471 1545 2512 de
1566 2472 1689 2513 nobis
1710 2482 1753 2514 et

226 2524 537 2569 successoribus
560 2521 711 2563 nostris
727 2523 975 2577 praedictam
993 2525 1134 2567 villam
1149 2527 1205 2569 de
1229 2527 1525 2579 Yhockeflete‚
1549 2543 1643 2570 cum
1663 2544 1753 2571 om-

230 2585 354 2627 nibus
391 2582 446 2623 ad
476 2595 572 2622 eam
604 2580 928 2635 pertinentibus,
950 2582 994 2623 in
1016 2583 1123 2625 lofto
1145 2594 1189 2626 et
1210 2585 1352 2640 plano,
1376 2587 1418 2626 in
1439 2586 1572 2641 planis
1594 2595 1636 2628 et
1656 2602 1753 2643 pas·

229 2642 332 2692 cuis,
356 2642 397 2681 in
419 2640 493 2680 viis
520 2646 563 2679 et
585 2637 758 2688 semitis,
784 2638 824 2679 in
848 2639 966 2695 aquis
988 2642 1115 2682 moris
1138 2652 1181 2684 et
1205 2643 1406 2693 mariscis,
1423 2644 1464 2684 in
1481 2644 1748 2694 molendinis,

229 2709 271 2741 et
302 2697 495 2740 omnibus
527 2696 617 2738 aliis
644 2697 898 2749 asiainentis,
923 2698 976 2739 ad
998 2699 1234 2754 predictam
1257 2701 1398 2744 villam
1420 2701 1473 2743 de
1499 2701 1750 2753 Yhockeflet
