1807 2962
202 76 360 123 CCXXll
525 91 658 123 HisT.
681 92 914 124 DUNELM.
944 94 1245 126 SCRIPTORES
1270 96 1406 127 TRES·

320 406 505 435 CXCVIII·
544 407 783 435 INSPECCIO
818 408 1060 436 CUJUSDAM
1094 408 1427 437 ORDINACIONIS
1460 410 1611 439 FACTAE

467 464 614 492 SUPER
636 466 896 494 SECULARES
920 466 968 493 IN
994 466 1224 495 COLLEGIO
1248 468 1448 498 OXONIAE.

744 544 849 587 [Reg.
866 542 911 576 II.
931 544 1033 576 Parv.
1051 542 1074 576 f.
1093 544 1168 585 56.]

256 622 473 664 Johannes
515 621 640 663 Prior
680 621 870 663 ecclesiae
911 621 1164 673 cathedralis
1207 621 1524 672 Dunelmensis,
1562 620 1728 663 dilectis

197 679 478 721 confratribus
520 689 564 721 et
597 679 913 721 commonachis
951 680 1106 720 nostris
1145 678 1330 720 Oxoniae
1367 679 1728 720 commorantibus

196 738 376 779 salutem
411 738 452 779 in
487 747 659 779 auctore
691 737 849 779 salutis.
912 737 1148 778 Decretum
1180 737 1307 778 bonae
1329 739 1547 778 memoriae
1569 733 1756 778 domini'

195 795 402 836 Johannis
442 795 765 850 praedecessoris
806 795 939 836 nostri
979 794 1212 836 immediati
1249 794 1513 850 inspeximus
1551 794 1594 835 in
1636 794 1728 835 haec

195 853 336 894 verba.
378 860 407 880 ‘⁶
430 853 520 894 Nos
537 853 756 895 Johannes
777 852 900 894 Prior
921 852 1110 894 ecclesiae
1133 852 1386 894 cathedralis
1410 852 1727 902 Dunelmensis,

192 909 463 953 attendentes
485 911 600 966 quod
622 926 718 951 cum
740 925 948 952 consensu
974 910 1162 964 Capituli
1182 911 1316 950 nostri
1333 910 1490 951 addere
1508 924 1730 964 possumus

196 968 457 1009 ordinacioni
477 968 655 1021 collegii
677 968 808 1009 nostri
830 968 871 1007 in
897 967 1084 1017 Oxonia,
1109 983 1204 1022 quae
1226 968 1279 1008 ad
1301 967 1617 1009 observanciam
1635 967 1730 1008 reli-

195 1026 332 1079 gionis
350 1036 393 1068 et
407 1027 716 1067 incrementum
732 1026 935 1066 virtutum
955 1037 1185 1065 noscuntur
1202 1025 1430 1079 peitine1e‚
1449 1025 1502 1066 de
1521 1040 1728 1066 consensu

198 1084 388 1138 Capituli
419 1083 630 1138 praelibati
662 1083 904 1124 01dinamus
936 1083 1052 1138 quod
1084 1082 1201 1137 pueri
1229 1082 1483 1147 quicumque
1505 1082 1726 1132 seculares,

194 1141 266 1197 qui
289 1156 399 1183 nunc
432 1141 474 1181 in
497 1141 611 1182 dieto
637 1141 832 1194 Collegio
855 1149 999 1181 nostio
1021 1140 1118 1190 sint,
1143 1141 1238 1181 vel'
1230 1156 1272 1181 111
1293 1142 1443 1182 futmis
1465 1140 1728 1195 temporibus

193 1207 331 1248 er‚unt
365 1199 647 1240 confratribus
679 1198 831 1239 nostris
863 1198 1020 1239 ibidem
1046 1199 1407 1240 commmantibus
1429 1208 1471 1240 et
1493 1213 1729 1239 commora-

194 1256 299 1297 turis
330 1256 578 1311 impendant
600 1257 780 1297 honesta
805 1256 1038 1297 ministeria
1059 1256 1101 1296 in
1123 1257 1231 1306 aula,
1256 1257 1309 1298 de
1332 1257 1428 1297 cibo
1450 1266 1493 1297 et
1515 1264 1620 1311 potu
1642 1270 1729 1296 ser-

193 1314 354 1355 viendis
391 1314 563 1364 eisdem,
603 1329 756 1370 aquam
789 1322 887 1355 ante
919 1322 963 1354 et
994 1323 1091 1368 post
1121 1315 1346 1369 prandium
1372 1314 1564 1355 manibus
1587 1314 1728 1356 infun-

195 1372 351 1423 dendo,
390 1387 577 1413 mensam
614 1372 882 1426 manutergia
913 1381 1009 1426 post
1044 1372 1271 1426 prandium
1292 1372 1476 1414 levando
1508 1380 1549 1412 et
1572 1372 1726 1425 depor-

192 1430 339 1481 tando,
363 1445 411 1472 ac
434 1430 474 1470 in
497 1430 659 1485 capella
680 1430 734 1470 ad
755 1429 1030 1471 celebrandas
1053 1429 1196 1470 missas
1219 1445 1314 1471 cum
1338 1439 1441 1470 nota
1462 1438 1505 1470 et
1522 1429 1608 1470 sine
1627 1438 1727 1470 nota

196 1497 240 1528 et
257 1488 338 1529 alia
360 1488 502 1529 divina
524 1488 661 1529 officia
681 1488 896 1529 humiliter
918 1487 1175 1542 adjuvando,
1200 1496 1244 1528 et
1265 1488 1381 1544 quod
1404 1487 1557 1527 mullus
1580 1502 1727 1527 eorum

195 1546 249 1587 de
272 1555 415 1587 cetero
436 1546 480 1586 in
503 1545 641 1587 villam
657 1546 726 1587 vel
747 1555 872 1587 extra
893 1545 1032 1586 villam
1049 1554 1187 1595 exeat,
1212 1556 1497 1619 piaeterquam
1521 1545 1574 1585 ad
1592 1544 1726 1585 scolas

195 1604 458 1659 tempmibus
496 1604 718 1645 ordinariis
751 1602 1054 1658 disputacionis
1088 1603 1154 1644 vel
1186 1604 1336 1658 palvis'
1373 1604 1532 1658 absque
1569 1602 1727 1643 Prioris

195 1676 268 1702 seu
308 1661 508 1703 Custodis
544 1661 725 1715 Collegii
760 1661 829 1702 vel
861 1661 951 1715 ejus
985 1660 1095 1701 vices
1128 1661 1311 1714 gerentis
1344 1661 1522 1701 licencia
1557 1659 1728 1714 speciali

195 1718 330 1773 petita
350 1728 392 1760 et
414 1720 602 1769 obtenta,
627 1720 702 1760 sub
725 1734 851 1773 poena
873 1718 1177 1759 subn-accionis
1199 1734 1368 1760 suarum
1391 1732 1724 1766 communmum,

196 1785 240 1817 et
273 1777 328 1817 ad
364 1777 551 1818 tenenda
586 1777 842 1831 sophismata
874 1785 916 1817 et
949 1777 1003 1817 ad
1037 1776 1170 1817 scolas
1202 1776 1474 1826 exercendas,
1509 1784 1636 1830 prout
1657 1775 1727 1815 alii

195 1834 376 1875 scolares
413 1834 600 1888 vigentes
622 1834 782 1875 faciunt
805 1834 847 1874 in
885 1834 1000 1883 villa,
1035 1834 1113 1874 sub
1137 1834 1287 1875 eadem
1322 1848 1462 1888 poena,
1493 1834 1547 1874 de
1569 1842 1727 1873 caetero

195 1901 430 1931 arceantur.
495 1891 625 1944 Cujus
659 1891 830 1946 quidem
867 1891 1028 1931 decreti
1062 1906 1207 1931 omnes
1242 1900 1283 1932 et
1317 1891 1503 1944 singulos
1526 1890 1728 1931 articulos

194 1956 394 2002 tanquam
426 1947 688 1988 ordinacioni
720 1948 821 1988 dicti
845 1947 1026 2004 Collegii
1056 1962 1104 1988 ac
1135 1948 1293 1989 racioni
1315 1962 1524 1989 consonos
1547 1963 1569 1987 3
1591 1947 1728 2000 prima

195 2005 450 2045 fundacione
483 2005 671 2058 ejusdem
704 2005 802 2044 satis
826 2005 1017 2045 novimus
1041 2005 1302 2055 observatos,
1327 2014 1369 2046 et
1387 2006 1445 2046 sic
1468 2004 1510 2044 111
1532 2004 1724 2045 futurum

196 2062 249 2103 ab
281 2062 490 2111 omnibus,
524 2077 629 2117 quos
651 2071 926 2112 concer‚nunt
952 2062 1144 2103 volumus
1167 2062 1390 2104 observaii.
1454 2063 1504 2103 In
1527 2064 1644 2117 cujus
1666 2062 1726 2102 101

194 2119 484 2159 testimonium
507 2120 691 2173 sigillum
716 2129 902 2160 nostrum
926 2119 1204 2173 praesentibus
1227 2132 1290 2161 est
1308 2134 1554 2174 appensum.
1610 2119 1726 2160 Data

197 2177 416 2226 Dunelmi,
451 2177 677 2217 undecimo
708 2177 777 2218 die
801 2177 951 2218 mensis
975 2177 1144 2228 Μ31011,
1167 2193 1280 2220 311110
1302 2177 1477 2219 Domini
1499 2176 1723 2219 millesimo

197 2238 358 2275 ccccmo
378 2235 591 2275 tricesimo
612 2249 661 2289 pl
665 2249 763 2278 imo
