1807 2962
536 114 813 155 APPEND‘IX.
843 113 966 152 ANN.
998 119 1209 152 MCCXCI.
1503 103 1624 154 xcvii

89 229 216 272 ticam
252 228 431 271 firmiter
468 229 700 273 observari.
767 229 922 270 Testes
955 235 1111 278 autem,
1137 228 1208 283 qui
1234 226 1390 268 fuerint
1415 228 1620 269 nominati

89 290 124 329 si
146 304 190 329 se
211 287 359 343 gratia,
383 288 496 338 odio,
521 288 589 329 vel
612 287 766 329 timore
788 286 1094 336 subtraxerint,
1119 300 1297 326 censura
1315 284 1452 334 simili,
1478 287 1620 340 appel-

89 346 253 387 lacione
305 357 512 396 cessante,
556 346 785 400 compellas
835 343 1001 386 veritati
1049 343 1339 385 testimouium
1380 343 1618 396 perhibere.

91 404 211 446 Data
230 404 395 454 Romae,
411 404 526 458 apud
548 404 752 446 Sanctum
773 404 963 453 Petrum,
981 416 1024 443 vl
1047 402 1140 443 idus
1157 401 1329 457 Aprilis,
1349 401 1620 456 pontificatus

92 463 226 504 nostri
247 477 361 504 anno
384 463 536 517 primo.

212 704 344 736 LXXV.
378 706 547 735 LITERA
579 705 773 735 ANTONII
806 706 864 733 DE
898 704 1116 733 LICENCIA
1148 704 1328 732 EMENDI
1362 703 1506 737 QUADe

214 766 418 794 RAGINTA
444 766 681 793 MARCATAS
711 764 877 791 TERRAE
902 764 956 791 ΕΤ
980 765 1038 791 DE
1060 764 1226 791 TERRIS
1250 763 1353 795 QUAE
1376 764 1433 790 DE
1457 764 1507 790 SE·

212 825 465 852 TENENTUR
490 825 538 853 IN
564 824 740 851 CAPITE.

415 920 528 962 {Cart.
545 920 622 952 111.
638 918 660 951 f.
690 920 767 952 293.
784 922 820 951 et
837 918 932 962 Orig.
951 920 979 949 3.
998 917 1028 951 9.
1047 916 1172 950 Pontif.
1190 918 1230 949 A.
1252 918 1296 958 L]

161 1013 370 1055 Omnibus
409 1014 566 1056 Christi
598 1013 809 1063 fidelibus,
844 1013 899 1053 ad
932 1027 1037 1067 quos
1075 1025 1260 1066 praesens
1296 1010 1500 1065 scriptum
1532 1026 1625 1065 pera

97 1072 276 1123 venerit,
317 1073 530 1114 Antonius
563 1071 836 1127 permissione
873 1070 1017 1111 divina
1054 1068 1352 1111 Dunelmensis
1395 1069 1626 1124 Episcopus

96 1131 277 1171 salutem
300 1131 342 1171 in
378 1131 581 1172 Domino,
645 1129 824 1171 Noverit
856 1127 1104 1169 universitas
1127 1137 1267 1168 vestra
1288 1143 1378 1176 nos,
1408 1142 1486 1182 pro
1508 1129 1628 1169 nobis

98 1198 142 1230 et
174 1189 482 1230 successoribus
514 1188 679 1238 nostris,
713 1188 966 1229 concessisse
999 1197 1042 1227 et
1063 1186 1288 1241 specialem
1312 1185 1530 1226 licenciam
1554 1186 1628 1227 de-

99 1247 210 1288 disse
251 1247 416 1288 dilectis
458 1249 499 1287 in
540 1247 714 1288 Christo
750 1245 845 1287 filiis
886 1244 1027 1287 Priori
1069 1253 1109 1285 et
1154 1243 1398 1285 Conventui
1439 1244 1630 1285 ecclesiae

100 1314 259 1346 nostrae
291 1305 596 1347 Dunelmensis
629 1304 812 1354 emendi,
836 1319 907 1344 seu
931 1319 988 1344 ex
1010 1318 1137 1344 causa
1158 1302 1402 1343 donacionis
1424 1301 1630 1356 recipien-

101 1363 160 1413 di,
197 1379 222 1404 a
256 1379 526 1420 quocumque
554 1372 595 1404 et
635 1362 903 1418 ubicumque,
943 1360 1051 1402 infra
1087 1369 1281 1401 nostrum
1314 1360 1626 1414 episcopatum,

102 1436 234 1478 usque
251 1422 306 1463 ad
329 1421 501 1476 triginta
520 1436 593 1462 seu
617 1420 897 1477 quadraginta
919 1427 1126 1460 marcatas
1149 1427 1272 1459 terrae
1296 1418 1362 1458 vel
1384 1417 1512 1458 annui
1534 1419 1631 1460 red-

101 1479 229 1521 ditus.
281 1480 348 1521 lta
365 1489 508 1521 tamen
530 1481 650 1536 quod?
665 1478 909 1535 hujusmodi
931 1486 1084 1519 terram
1103 1487 1145 1518 et
1165 1475 1375 1517 redditum
1401 1490 1474 1530 per
1495 1476 1630 1518 visum

101 1538 351 1579 seneschalli
374 1539 505 1579 nostri
528 1538 594 1579 vel
612 1536 888 1579 Vicecomitis
912 1535 1223 1584 Dumimensis,
1248 1537 1317 1590 qui
1336 1549 1413 1588 pro
1436 1543 1630 1589 tempore⁴

103 1596 273 1644 fuerint,
306 1597 463 1652 absque
497 1596 672 1649 alicujus
703 1594 1009 1649 impedimento
1040 1609 1114 1634 seu
1137 1592 1477 1633 contradiccione
1499 1592 1631 1635 libere

104 1654 269 1709 ingredi
302 1654 482 1702 valeant,
508 1663 550 1695 et
570 1653 653 1694 suis
676 1653 817 1694 usibus
839 1651 1052 1708 applicare
1076 1661 1117 1692 et
1138 1650 1425 1705 appropriare,
1449 1665 1498 1691 ac
1519 1651 1631 1705 paci-

103 1713 184 1753 fice
199 1712 428 1767 possidere.
465 1712 628 1752 Damus
643 1710 775 1752 eciam
789 1721 832 1752 et
847 1709 1119 1750 concedimus
1136 1709 1474 1764 quibuscumque
1491 1708 1561 1764 huj
1570 1725 1635 1750 us—

104 1771 221 1812 modi
253 1780 407 1812 terram
440 1770 507 1812 vel
538 1770 756 1810 redditum
788 1768 987 1817 vendere,
1013 1782 1087 1808 seu
1109 1767 1283 1816 donare,
1306 1766 1562 1817 volentibus,
1589 1777 1634 1809 ut

104 1828 240 1884 ipsam
272 1839 428 1870 terram
461 1829 528 1869 vel
552 1828 765 1869 redditum
787 1825 973 1881 praefatis
998 1825 1134 1866 Priori
1157 1824 1199 1865 in
1222 1824 1397 1866 liberam
1421 1839 1568 1879 puram
1591 1836 1635 1867 et

102 1897 354 1942 perpetuam
396 1885 670 1928 elemosinam
711 1885 948 1926 concedere
990 1883 1159 1924 valeant
1201 1891 1243 1924 et
1289 1883 1503 1924 conferre.
1591 1886 1632 1926 ln

108 1946 268 2002 [cujus]
301 1945 361 1986 rei
395 1943 681 1986 testimonium
716 1942 898 1996 sigillum
930 1950 1121 1982 nostrum
1155 1940 1358 1995 praesenti
1391 1940 1551 1995 scripto
1572 1952 1639 1984 est

105 2000 356 2058 appensumss
420 2003 534 2044 Data
555 2001 669 2056 apud
690 2001 917 2050 Alverton,
938 2008 1089 2041 octavo
1108 1999 1205 2040 idus
1229 1998 1498 2048 Novembris,
1523 2016 1636 2042 anno

105 2061 282 2102 Domini
304 2061 525 2102 millesimo
547 2065 620 2101 cc⁰
645 2058 920 2116 nonagesimo
942 2057 1091 2113 primo,
1115 2066 1160 2099 et
1182 2056 1518 2099 consecracionis
1541 2074 1636 2100 nos-

107 2129 184 2161 trae
206 2129 371 2161 octavo.

229 2366 380 2396 Lxxvi.
416 2363 712 2393 PERDONAmo
738 2362 872 2389 micis
895 2360 1107 2388 EDwAssm
1131 2359 1267 2387 PRIMI
1290 2359 1349 2387 DE
1373 2357 1519 2387 MILLE

740 2420 796 2447 ET
819 2407 912 2446 XHn
936 2410 1012 2446 1x⁵.

407 2501 521 2543 [Cart.
541 2499 616 2532 111.
633 2498 708 2531 Fol.
726 2499 803 2530 219.
823 2497 854 2529 b.
871 2500 907 2529 et
926 2495 1022 2540 Orig.
1040 2498 1070 2527 2.
1088 2498 1118 2527 2.
1137 2495 1220 2536 Reg.
1242 2495 1277 2525 F.
1295 2495 1344 2535 1.]-

172 2597 421 2647 Edwardus‚
456 2595 542 2638 Dei
571 2594 714 2650 gracia
748 2592 845 2633 Rex
878 2590 1064 2645 Angliae‚
1102 2588 1310 2629 Dominus
1337 2587 1569 2640 Hiberniae,
1595 2598 1641 2633 ef

114 2656 221 2699 Dux
244 2656 501 2713 Aquitaniae,
525 2653 721 2694 omnibus
743 2650 797 2692 ad
819 2664 923 2706 quos
945 2656 1175 2704 praesentes
1197 2646 1351 2688 litterae
1372 2650 1640 2701 pervenerint:

113 2715 307 2758 salutem.
376 2712 718 2761 Considerantcs‚
752 2723 828 2764 per
859 2707 944 2749 Dei
975 2705 1159 2763 graciam
1192 2720 1270 2745 nos
1302 2705 1461 2746 meritis
1489 2715 1530 2746 et
1555 2709 1640 2748 suf-

113 2772 255 2828 fragiis
278 2771 409 2815 sancti
431 2779 474 2813 et
494 2768 669 2828 gloriosi
690 2764 941 2810 confessoris
961 2762 1200 2814 Cuthberti,
1219 2762 1272 2804 ad
1290 2776 1416 2818 quem
1434 2778 1641 2808 summam

859 2837 889 2865 G
