1807 2962
244 107 333 155 clvi
537 116 672 150 msr.
699 106 935 149 DU'NELM.
964 114 1272 148 SCRIPTORES
1299 115 1437 148 TREs.

233 237 301 270 tra
336 234 378 268 et
414 238 703 267 successorum
738 230 982 264 nostrorum
1018 236 1383 278 quorumcumque
1429 222 1760 268 Eboracensium
1802 220 1805 258 Ῐ

231 284 662 339 Archiepiscoporum
697 280 943 336 praesencia,
987 279 1120 320 mitris
1162 280 1459 321 tantummodo
1499 281 1760 324 aurifrisiatis
1800 278 1806 316 l

231 358 320 384 non
351 350 495 383 tamen
526 353 674 381 aureas
707 338 774 378 vel
805 346 1028 391 argenteas
1060 336 1237 378 laminas
1259 346 1333 378 aut
1353 352 1542 392 gemmas
1564 338 1761 381 habenti·
1802 345 1806 383 ἓ

231 400 323 450 bus,
357 414 406 440 ac
437 398 568 439 eciam
590 395 729 445 anulo,
752 395 905 435 baculo
925 393 1140 449 pastorali,
1164 394 1375 444 sandaliis,
1395 403 1439 435 et
1460 395 1549 436 aliis
1570 395 1759 453 insigniis
1803 433 1807 447 ,

231 456 565 504 pontificalibus,
588 468 637 494 ac
655 453 770 508 quod
788 452 829 492 in
844 451 1087 506 hujusmodi
1104 451 1463 493 celebracionibus
1479 452 1588 494 infra
1601 453 1758 496 dictam
1804 465 1807 473 ¹

231 523 420 556 nostram
461 511 726 568 provinciam
757 517 882 550 extra
911 518 1100 550 nostram
1143 517 1186 550 et
1216 508 1427 549 dictorum
1469 525 1758 553 successorum
1800 503 1807 553 l

232 580 476 613 nostrorum
497 568 769 624 praesenciam
792 567 1048 621 ubicumque
1078 565 1297 615 faciendis,
1321 566 1454 607 mitris
1476 568 1754 620 aurifrisiatis,
1805 572 1807 602 ἶ

231 644 379 670 aureas
411 628 479 668 vel
510 633 732 681 argenteas
764 623 938 665 laminas
969 639 1019 665 ac
1039 637 1228 677 gemmas
1250 623 1519 674 habentibus,
1543 640 1628 666 uno
1659 641 1756 668 cum
1805 649 1807 653 ⁴

231 686 373 735 anulo,
411 684 564 726 baculo
600 681 815 738 pastorali,
849 690 894 722 et
915 681 1003 722 aliis
1041 680 1354 735 pontificalibus
1388 681 1575 735 insigniis
1608 698 1756 739 supra·
1805 689 1807 736 j

231 742 368 792 dictis,
392 741 624 784 secundum
646 739 825 780 formam
847 747 890 779 et
910 747 1100 780 tenorem
1122 737 1331 792 privilegii
1354 737 1413 779 eis
1435 753 1560 793 super
1576 740 1657 781 hoc
1677 757 1756 796 per
1806 742 1807 752 ³

232 801 390 842 Sedem
430 797 717 853 Apostolicam
750 795 949 845 concessi,
973 804 1017 837 et
1047 804 1175 850 prout
1205 796 1263 836 eis
1285 795 1510 845 videbitur,
1548 796 1662 839 licite
1694 799 1755 840 uti
1806 794 1807 819 ³

228 857 413 907 valeant,
430 858 588 912 absque
611 853 954 896 contradiccione
969 861 1112 894 nostra
1132 851 1198 893 vel
1212 867 1496 893 successorum
1514 864 1754 898 nostrorum

227 915 542 970 praedictorum,
566 912 621 954 ad
650 911 973 967 requisicionem
1004 922 1048 951 et
1079 908 1301 963 specialem
1324 918 1520 963 rogatum
1542 911 1754 955 dictorum

230 972 387 1014 Prioris
419 980 463 1012 et
497 973 757 1018 Conventus,
782 976 988 1023 quantum
1019 967 1060 1007 in
1090 966 1214 1006 nobis
1243 975 1320 1015 est,
1353 966 1571 1009 licenciam
1603 977 1753 1012 tenore

227 1028 511 1085 praesencium
538 1024 813 1068 'concedimus
845 1033 888 1066 et
918 1025 1094 1065 liberam
1124 1022 1384 1065 facultatem.
1461 1025 1512 1066 ln
1544 1026 1660 1080 cujus
1690 1028 1752 1068 rei

226 1085 516 1128 testiinonium
547 1084 732 1139 sigillum
762 1091 952 1123 nostrum
983 1081 1158 1122 fecimus
1189 1080 1268 1120 hiis
1299 1081 1468 1135 apponi,
1562 1083 1678 1125 Data
1709 1085 1751 1125 in

226 1143 416 1185 manerio
446 1151 591 1182 nostro
616 1140 671 1181 de
695 1140 860 1192 Thorp,
885 1151 929 1178 VI
952 1139 1021 1179 die
1043 1137 1195 1178 mensis
1219 1138 1418 1193 Augusti,
1442 1153 1553 1180 anno
1576 1140 1752 1183 Domini

223 1200 446 1242 millesimo
470 1205 600 1240 cccm⁰
621 1195 881 1249 octogesimo
900 1195 1101 1239 secundo.
1169 1194 1226 1235 Et
1249 1205 1403 1236 nostrae
1417 1199 1748 1240 consecrationis

224 1273 353 1300 nono.

343 1496 565 1528 CXXXVIII.
618 1494 871 1522 EXCUSACIO
907 1493 1112 1520 ROBERTI
1154 1493 1339 1521 PRIORIS
1382 1494 1437 1520 ET
1478 1494 1629 1521 PRESI-

343 1555 508 1585 DENTIS
541 1552 841 1580 PROVINCIALI
876 1551 1100 1578 CAPITULO
1134 1551 1260 1582 QUOD
1285 1552 1523 1584 NEQUIBAT
1544 1552 1632 1579 1131-

342 1613 440 1642 DEM
465 1610 709 1640 INTERESSE
733 1609 874 1638 CAUSA
897 1608 1231 1637 INFIRMITATIS·

806 1687 911 1730 [Reg.
928 1686 979 1719 ΙΙ.
995 1685 1053 1718 fol.
1067 1686 1163 1726 251]

1580 1641 1587 1658 l

283 1783 528 1826 Venerabili
561 1788 605 1823 et
637 1780 834 1834 religioso
856 1780 947 1821 viro
979 1779 1153 1820 domino
1190 1779 1275 1820 Dei
1311 1779 1452 1832 gracia
1478 1779 1632 1821 Abbati
1655 1795 1744 1822 mo-

222 1841 394 1884 nasterii
434 1841 488 1881 de
534 1840 744 1892 Ramesey
788 1837 947 1878 ordinis
990 1837 1123 1877 sancti
1169 1836 1406 1886 Benedicti,
1433 1836 1742 1878 Lincolniensis

223 1900 456 1948 dioceseos,
490 1897 683 1936 instantis
715 1894 889 1948 capituli
918 1893 1126 1947 generalis
1159 1893 1391 1949 Nigrorum
1425 1894 1742 1936 Monachorum

220 1957 266 1998 in
302 1953 595 1997 Cantuariensi
627 1962 671 1993 et
707 1952 967 1993 Eboracensi
997 1950 1237 2004 provinciis,
1261 1950 1374 2004 apud
1407 1950 1740 2006 Northampton,

221 2015 351 2055 dante
376 2011 564 2052 Domino
586 2008 844 2058 celebrandi,
872 2007 1130 2062 praesidenti,
1158 2008 1372 2048 Robertus
1406 2007 1529 2049 Prior
1549 2010 1741 2050 ecclesiae

217 2068 471 2112 cathedralis
503 2066 819 2115 Dunelrnensis,
842 2065 1008 2119 praefati
1039 2065 1210 2119 capituli
1241 2064 1345 2105 alius
1367 2066 1607 2120 praesidens,
1633 2067 1742 2108 salu-

220 2138 322 2178 tem,
347 2141 444 2168 cum
465 2125 576 2166 omni
599 2139 682 2180 qua
702 2123 824 2164 decet
856 2123 1098 2163 reverencia
1118 2131 1162 2162 et
1182 2122 1358 2163 honore.
1424 2123 1535 2170 Quia
1557 2125 1740 2179 quadam

219 2185 335 2240 gravi
367 2182 626 2232 infirmitate,
651 2195 746 2237 quae
779 2195 915 2235 nuper
937 2180 1055 2221 nobis
1078 2179 1230 2221 accidit
1252 2180 1293 2220 in
1316 2179 1494 2221 dextero
1516 2181 1661 2231 latere,
1685 2182 1739 2224 de

217 2258 303 2299 qua
333 2241 521 2283 nondum
551 2239 686 2281 sanati
718 2254 872 2288 sumus,
906 2246 1115 2287 causante,
1140 2237 1332 2278 timemus
1364 2253 1489 2293 quam
1512 2238 1738 2293 plurimum

217 2301 299 2342 iter
320 2313 520 2353 magnum
543 2297 741 2351 arripere,
764 2311 817 2337 ne
840 2296 928 2351 ipsa
950 2295 1168 2336 infirmitas
1190 2310 1245 2335 ex
1260 2295 1491 2350 insperato,
1516 2306 1562 2337 ut
1583 2297 1736 2351 saepius

216 2359 338 2399 nobis
361 2355 554 2410 contigit,
572 2355 612 2395 in
631 2354 780 2396 itinere
803 2369 878 2394 nos
897 2353 1071 2409 impetat
1088 2363 1130 2394 et
1152 2352 1336 2403 infestet,
1360 2368 1408 2394 ac
1431 2354 1600 2408 insuper
1620 2355 1736 2410 quod

216 2416 356 2470 plures
379 2422 596 2470 magnates
618 2421 661 2453 et
682 2412 857 2461 domini,
881 2426 959 2465 pro
982 2420 1102 2466 parte
1124 2410 1282 2451 domini
1305 2410 1436 2452 nostri
1464 2411 1594 2467 Regis
1616 2414 1737 2466 Ang-

215 2474 298 2523 liae,
318 2473 371 2514 ad
395 2470 661 2513 tractandum
692 2484 786 2511 curn
812 2469 969 2510 Scottis
1004 2469 1056 2510 de
1093 2468 1266 2522 treugis,
1290 2483 1407 2523 pace,
1442 2477 1486 2509 et
1508 2469 1735 2511 concordia.

216 2531 324 2572 inter
345 2544 476 2583 regna
500 2527 669 2582 Angliae
690 2536 734 2568 et
757 2526 919 2568 Scociae
952 2528 993 2566 in
1029 2525 1220 2581 partibus
1242 2525 1395 2567 nostris
1421 2528 1509 2582 jain
1531 2527 1732 2577 existunt,

214 2597 257 2629 et
281 2603 411 2642 usque
433 2587 486 2628 ad
507 2599 673 2640 tempus
695 2584 797 2625 dicti
819 2583 1005 2638 capituli,
1029 2584 1093 2624 vel
1117 2598 1263 2638 prope,
1288 2598 1344 2624 ex
1367 2599 1492 2625 causa
1512 2583 1731 2639 praedicta,

214 2656 261 2685 ut
295 2644 558 2699 supponitur,
596 2643 888 2690 morabuntur,
928 2656 1022 2682 cum
1044 2641 1196 2696 quibus
1218 2656 1294 2695 pro
1317 2642 1541 2682 commodo
1565 2642 1732 2684 Domus

212 2711 382 2749 nostrae,
408 2700 603 2742 videlicet
620 2714 698 2754 pro
719 2699 1014 2753 recuperacine
1032 2698 1163 2739 Cellae
1186 2707 1343 2738 nostrae
1365 2700 1417 2739 de
1435 2699 1731 2754 Coldyngham

212 2769 253 2800 et
277 2759 450 2800 aliarum
472 2756 779 2813 possessionum
802 2756 841 2797 in
861 2755 939 2796 illis
960 2755 1148 2811 partibus
1167 2755 1457 2806 existencium,
1474 2756 1527 2797 ad
1546 2757 1729 2798 valorem

1803 883 1807 906 l
