1807 2962
242 117 337 162 ΠΟ
561 126 693 158 msr.
721 124 955 157 DUNELM.
984 123 1286 156 SCRIPTORES
1311 124 1447 158 TRES.

239 238 293 279 ad
315 235 558 278 habendam
582 233 788 289 Episcopi
809 232 1159 273 benevolenciam
1180 240 1223 273 et
1238 233 1320 274 alia
1338 233 1532 287 pericula
1551 233 1763 285 evitanda,

240 308 494 336 consensum
525 300 590 333 est
618 307 696 346 per
721 291 916 331 Priorem
948 298 990 330 et
1022 290 1270 344 capitulum,
1297 291 1414 346 quod
1434 291 1513 332 iste
1541 291 1765 333 Archidia-

239 368 372 393 conus
405 366 486 407 pro
517 358 608 391 tota
629 350 714 390 vita
738 347 943 402 Episcopi
964 347 1143 388 haberet
1159 348 1502 402 jurisdictionem
1524 349 1566 388 in
1590 349 1766 405 singulis

238 411 427 452 ecclesiis
464 408 523 448 eis
551 407 806 461 apropriatis
839 405 951 445 infra
983 420 1128 460 aquaS,
1153 406 1207 446 de
1236 406 1380 446 Jarow
1402 414 1444 447 et
1465 406 1518 447 de
1543 406 1770 449 Wermuth*

238 468 450 509 duntaxat
470 465 674 518 exceptis,
698 478 795 504 cum
817 462 991 517 capellis
1013 463 1066 503 ab
1089 463 1149 503 eis
1170 462 1525 517 dependentibus,
1549 472 1592 505 et
1613 474 1769 506 caetera

239 526 384 566 omnia
415 532 462 565 ut
493 522 784 578 praedecessor
814 535 915 561 suus
937 520 1097 561 habuit.
1160 520 1403 575 Episcopus
1424 535 1526 562 vero
1548 529 1590 562 et
1612 521 1768 562 Archis

238 583 446 624 diaconus
482 596 505 621 e
543 594 749 621 converso
782 586 1097 627 concesserunt,
1131 579 1247 633 quod
1280 578 1496 633 Episcopo
1518 579 1767 628 decedente,

241 641 368 682 Prior
409 647 581 687 extunc,
606 638 678 693 qui
707 651 787 692 pro
824 647 1016 690 tempore
1037 635 1129 684 fuit,
1154 637 1209 676 sit
1242 637 1286 676 in
1309 636 1459 677 eodem
1483 644 1591 677 statu
1613 637 1658 677 in
1680 652 1766 693 quo

239 707 331 739 erat
373 698 499 738 Prior
538 696 629 743 iste,
658 695 701 735 in
736 694 1072 735 Circumcisione
1096 693 1288 742 Domini,
1314 709 1427 734 anno
1449 694 1630 735 Domini
1651 708 1769 736 Mccc

238 756 452 797 tricesimo
484 755 636 808 primo,
661 761 702 793 et
738 753 797 793 sic
829 760 890 792 est
921 750 1112 792 visitacio
1143 752 1367 806 protelata,
1392 760 1433 793 et
1455 752 1658 806 Episcopi
1679 752 1769 793 ani—

238 828 333 854 mus
355 822 418 854 est
440 812 644 863 sedatus.]

354 1114 473 1162 [CAP.
497 1122 618 1150 XLIV.
663 1119 721 1146 DE
766 1119 911 1146 CERVO
949 1117 1030 1149 QUI
1070 1116 1270 1144 OFFERRI
1310 1115 1524 1142 DEBERET
1558 1116 1653 1143 PER.-

490 1177 786 1207 RANULPHUM
811 1176 910 1204 ETC‚
934 1176 1024 1202 PRO
1048 1174 1263 1201 MANERIO
1287 1174 1344 1200 DE
1370 1174 1503 1201 RABY.

674 1272 765 1314 [MS.
794 1271 878 1314 Cap.
904 1280 1092 1303 crxan.
1116 1268 1172 1302 fol.
1198 1270 1263 1301 216
1288 1269 1338 1311 b.}

297 1386 449 1444 [Anno
473 1383 652 1425 Domini
681 1395 803 1423 Mccc
827 1381 1056 1422 trecesimo
1077 1378 1234 1433 primO,
1259 1386 1431 1418 mortuo
1457 1377 1688 1433 Ranulpho
1710 1379 1765 1420 de

235 1444 363 1486 Nova
379 1443 507 1492 Villa,
541 1442 745 1483 successit
777 1440 814 1481 ei
843 1437 1112 1491 Radulphus,
1136 1435 1251 1476 filius
1273 1435 1376 1488 ejus,
1401 1446 1503 1476 tunc
1526 1436 1766 1477 seneschal-

232 1503 299 1544 lus
341 1502 489 1556 Regis,
525 1509 567 1541 et
599 1513 794 1554 magnus,
829 1497 902 1552 qui
937 1494 1190 1536 fidelitatem
1226 1493 1326 1533 fecit
1362 1492 1591 1533 Williehno
1623 1493 1767 1534 Priori

233 1560 350 1615 apud
386 1558 554 1599 Bellum
596 1557 775 1605 Locum,
813 1555 857 1594 in
894 1553 1003 1594 festo
1038 1552 1173 1592 sancti
1207 1550 1327 1591 Petri
1360 1550 1414 1590 ad
1446 1550 1629 1600 vincula,
1654 1566 1766 1592 anno

234 1618 402 1667 eodem,
422 1631 502 1671 pro
521 1615 710 1656 manerio
733 1613 787 1653 de
813 1611 936 1667 Raby
954 1619 996 1652 et
1015 1608 1329 1664 pertinentibus
1345 1623 1354 1656 3
1378 1608 1451 1663 qui
1468 1608 1578 1649 dixit
1599 1623 1643 1648 se
1659 1609 1768 1650 velle

234 1690 407 1717 cervum
440 1674 607 1723 offerre,
632 1681 680 1713 ut
702 1670 1000 1726 progenitores
1023 1668 1087 1708 sui
1109 1675 1433 1715 consueverant,
1458 1666 1532 1706 sed
1551 1664 1623 1706 ubi
1645 1675 1767 1720 pater

234 1749 335 1775 suus
371 1732 561 1788 pecierat
602 1730 820 1771 ministros
857 1726 1020 1768 Prioris
1053 1724 1242 1765 amoveri
1275 1732 1318 1765 et
1354 1738 1453 1764 suos
1489 1723 1668 1772 institui,
1693 1724 1763 1765 die

233 1790 477 1839 oblationis,
496 1797 544 1830 ut
573 1796 691 1843 patet
708 1784 882 1840 supra,*
915 1793 1109 1838 tempore
1135 1781 1311 1823 Ricardi
1332 1781 1386 1822 de
1412 1780 1560 1822 Hoton
1586 1780 1762 1832 Prioris,

232 1849 363 1902 peciit
393 1846 471 1887 iste
502 1845 719 1886 ministros
742 1858 842 1884 suos
864 1842 1106 1882 ministrare
1128 1854 1214 1880 una
1235 1853 1330 1878 cum
1353 1839 1558 1879 ministris
1582 1838 1762 1881 Prioris.

237 1905 323 1946 Sed
359 1905 429 1944 ubi
468 1904 598 1944 Pater
636 1916 736 1942 suus
768 1914 857 1940 non
896 1898 1024 1952 peciit
1058 1912 1101 1937 se
1135 1896 1303 1936 admitti
1340 1910 1437 1935 cum
1474 1896 1574 1944 suis,
1608 1896 1689 1936 nisi
1706 1896 1761 1937 ad

233 1962 479 2017 prandium,
503 1960 634 2014 peciit
654 1960 733 1998 iste
754 1972 797 1998 se
815 1956 983 1996 admitti
1004 1969 1079 2007 per
1101 1961 1238 1994 totum
1253 1953 1380 2002 diem,
1399 1961 1441 1993 et
1455 1953 1498 1993 in
1516 1954 1762 2003 crastinum,

234 2034 370 2074 usque
406 2017 461 2058 ad
490 2016 771 2073 jantaculum.
836 2011 1082 2066 Respondit
1120 2010 1246 2050 Prior
1280 2010 1397 2065 quod
1430 2025 1651 2065 nunquam
1686 2010 1767 2052 fuit
1806 2050 1807 2053 ,

234 2076 386 2131 aliquis
418 2074 746 2130 progenitorum
779 2084 955 2111 suorum
988 2069 1048 2109 sic
1080 2068 1306 2117 admissus,
1341 2076 1383 2108 et
1411 2067 1455 2107 in
1491 2082 1648 2109 novam
1675 2082 1764 2109 non
1806 2085 1807 2090 ¹

234 2134 451 2190 redigeret
467 2131 687 2172 ecclesiam
702 2128 962 2175 servitutem,
978 2127 1109 2166 immo
1126 2125 1329 2166 libentius
1347 2124 1574 2166 sustineret
1591 2140 1764 2166 cervum
1806 2124 1807 2157 ἶ

234 2206 324 2232 non
345 2189 503 2231 offerri.
571 2185 815 2241 Respondit
837 2184 958 2233 alius,
982 2183 1114 2239 quod,
1139 2190 1212 2222 aut
1233 2190 1371 2223 totum
1394 2183 1618 2223 servicium
1642 2197 1766 2223 suum
1805 2164 1807 2203 Ι

235 2249 408 2296 faceret,
441 2254 515 2288 aut
545 2244 691 2293 nichil,
725 2251 767 2284 et
797 2242 980 2282 libenter
1001 2247 1182 2295 poneret
1204 2241 1312 2280 sein
1334 2240 1485 2293 patria,
1511 2239 1544 2280 si
1561 2242 1764 2296 progeni·
1805 2206 1807 2264 A

234 2315 349 2348 tores
368 2305 433 2346 sui
455 2305 515 2345 sic
537 2307 846 2344 consueverant
867 2299 1012 2353 recipi,
1032 2306 1105 2338 aut
1125 2311 1223 2337 non.
1287 2296 1414 2337 Prior
1436 2311 1536 2337 vero
1558 2296 1700 2338 timuit
1717 2314 1762 2339 se

234 2378 396 2419 ponere
429 2376 558 2416 super
590 2359 786 2415 patriam,
819 2365 996 2411 propter
1025 2355 1261 2410 potentiam
1295 2354 1481 2403 alterius,
1505 2355 1606 2410 quia
1625 2356 1766 2409 patria

234 2423 309 2462 vix
335 2421 512 2462 auderet
533 2417 675 2459 dicere
695 2416 929 2456 veritatem.
985 2413 1196 2461 Tandem,
1220 2411 1274 2452 ad
1296 2411 1556 2466 captandum
1578 2412 1763 2453 benevo-
1803 2406 1807 2497 1

235 2479 418 2520 lenciam
454 2478 588 2531 ipsius
626 2472 859 2527 Radulphi,
894 2472 994 2527 quia
1021 2470 1093 2511 ille
1119 2484 1300 2525 magnus
1332 2477 1424 2509 erat
1444 2483 1540 2509 cum
1567 2469 1700 2524 Rege,
1724 2479 1766 2511 et
1802 2499 1807 2517 .

235 2537 379 2591 potuit
407 2535 451 2575 in
473 2533 617 2574 multis
639 2532 780 2573 valere
805 2529 958 2578 Priori,
983 2538 1025 2569 et
1056 2529 1098 2568 in
1120 2527 1265 2568 multis
1287 2527 1450 2576 obesse,
1473 2527 1640 2567 dicente
1662 2542 1764 2568 con-

238 2594 333 2634 silio
357 2592 519 2633 Prioris
541 2591 623 2631 hoc
641 2590 719 2631 sibi
736 2586 1030 2643 praejudiciale
1047 2600 1135 2626 non
1153 2599 1255 2634 esse,
1275 2584 1485 2625 concessit
1504 2583 1629 2624 Prior
1646 2585 1762 2639 quod
1801 2613 1802 2621 ,

237 2651 311 2691 illa
334 2651 422 2691 vice
443 2649 601 2690 faceret
621 2648 664 2687 in
685 2646 823 2687 forma
840 2660 923 2699 qua
944 2644 1079 2697 petiit,
1102 2643 1213 2683 facta
1233 2651 1375 2683 tamen
1398 2642 1512 2695 prius
1534 2641 1763 2682 indentura

239 2708 350 2749 inter
380 2722 467 2756 eos,
492 2705 607 2761 quod
629 2719 683 2746 ex
704 2704 787 2744 hoc
809 2702 919 2743 facto
943 2716 1020 2742 nec
1042 2707 1304 2741 accresceret
1327 2701 1397 2740 uni
1420 2698 1532 2754 parti
1555 2698 1621 2739 vel
1642 2698 1764 2740 alteri

815 2820 831 2837 ⁴¹
861 2816 925 2850 See
942 2816 1057 2856 above,
1081 2825 1111 2857 p.
1132 2816 1183 2850 74.
1799 2771 1807 2896 Ι
