1807 2962
194 84 378 134 CIXXXVi
504 102 639 133 IIIST.
663 101 898 134 DUNELM.
929 103 1236 134 SCRIPTORES
1258 104 1399 135 TRES.

254 210 416 251 Rector
437 209 490 251 de
513 209 735 258 Qwicham
757 224 852 251 cum
868 209 900 264 3,
930 209 1062 254 Lanc.
1087 219 1130 251 et
1153 210 1194 264 ij.
1223 211 1371 264 Sagitt.
1395 211 1508 253 suffr.

257 268 417 308 Rector
433 268 486 309 de
513 268 789 324 Gatysheved
812 283 908 309 cum
923 269 956 322 3.
984 268 1116 309 Lanc.
1140 278 1183 309 et
1206 268 1247 322 ij.
1274 268 1425 322 Sagitt.
1451 270 1567 313 suffr.

255 327 414 367 Rector
435 326 488 366 de
513 326 682 367 Boldon
705 341 800 366 cum
817 327 849 380 3.
878 326 1010 369 Lanc.
1035 336 1078 366 et
1101 326 1142 380 ij.
1169 326 1318 380 Sagitt.
1343 327 1460 370 suffr.

251 385 414 425 Rector
435 384 489 424 de
519 383 739 424 Whitburn
764 398 858 424 cum
875 383 909 438 3.
934 384 1069 424 Lanc.
1091 394 1134 424 6(
1158 383 1200 438 ij.
1225 384 1374 438 sagitt.
1394 385 1508 427 suff‘.

250 443 412 483 Rector
434 442 487 482 de
515 441 810 496 Wessyngton‚
834 456 929 482 cum
945 443 979 497 3.
1006 442 1230 483 Hobbeler
1252 453 1295 483 et
1310 443 1344 497 3.
1370 443 1522 497 Sagitt.
1543 445 1658 486 suff‘.

249 499 442 540 Vicarius
461 498 514 540 de
539 498 790 554 Mydelham
812 499 1134 553 cun1j.Sagitt.
1157 500 1275 543 suffr.

247 557 440 598 Vicarius
458 557 511 598 (16
533 556 783 610 Merington
806 571 900 598 cum
924 557 967 611 ij.
993 557 1145 611 Sagitt.
1170 558 1285 601 suff‘.

247 615 441 656 vicarius
463 614 516 655 de
540 615 703 655 Dalton
724 614 765 655 in
793 614 916 656 Valle
938 630 1032 656 cum
1049 616 1084 670 3.
1114 616 1266 670 Sagitt.
1289 616 1406 657 suffr.

195 707 201 709 -
248 674 412 714 Rector
433 673 486 714 de
512 672 748 727 Hertilpull

251 732 409 772 Rector
430 730 483 771 de
509 731 713 771 Stranton
757 676 904 843 }cum
926 730 981 786 iij.
1003 730 1135 772 Lanc.
1158 740 1199 773 6(
1224 733 1277 787 vj.
1302 731 1454 786 Sagitt.
1475 732 1600 774 suffr.

248 789 410 830 Rector
432 788 486 829 de
511 788 722 829 Trimdou

248 847 449 888 D‹›canus
473 846 746 900 Derlington.

248 904 413 946 Officia!
438 904 644 947 Dunelm.
664 903 762 960 quia
779 903 1040 945 Prebendar.
1055 903 1108 945 de
1133 904 1391 959 Derlington
1415 920 1508 946 cum
1525 906 1558 961 3.
1586 905 1715 947 Lanc.

189 972 230 1005 et
246 963 280 1017 3.
307 962 459 1016 Sagitt.
484 962 599 1002 suffr.

247 1021 441 1061 Vicarius
462 1020 516 1061 de
553 1019 722 1061 Norton
744 1034 839 1060 cum
867 1019 899 1074 j.
926 1019 1026 1060 Lac.
1050 1027 1093 1060 et
1108 1021 1142 1075 3.
1169 1019 1390 1061 Hobbeler
1412 1030 1454 1062 et
1475 1020 1530 1075 iij.
1557 1021 1713 1075 sagitt.

189 1079 309 1120 suffr.

253 1135 444 1177 Viearius
466 1135 519 1176 de
544 1135 825 1192 ByHyngham
848 1149 944 1175 cum
961 1135 994 1189 3.
1021 1135 1152 1177 Lanc.
1176 1144 1219 1175 6(
1236 1134 1276 1191 ij
1303 1136 1453 1190 sagitt.

251 1194 410 1235 Hector
431 1194 484 1234 de
511 1194 747 1250 Eggesclyf
761 1208 854 1233 cum
867 1193 903 1247 3.
930 1193 1063 1235 Lanc.
1085 1202 1126 1234 et
1149 1193 1190 1248 ij.
1216 1194 1368 1247 sagitt.
1391 1194 1507 1236 suffr.

249 1253 410 1293 Rector
431 1251 484 1292 (16.
511 1252 804 1305 Langnewton
827 1266 921 1291 cum
938 1252 971 1306 3.
999 1251 1236 1292 Hobbleler
1257 1263 1300 1293 6(
1315 1253 1348 1307 3.
1375 1252 1525 1307 sagitt.
1549 1252 1665 1293 suffr.

249 1309 411 1350 Rector
433 1309 487 1350 de
515 1309 643 1350 Elton
665 1324 759 1350 cum
777 1309 810 1363 j.
839 1309 988 1365 Sagitt.
1012 1309 1159 1353 suffic‘.

246 1367 438 1409 Viearius
461 1368 513 1409 de
538 1367 746 1409 Grendon
770 1382 864 1407 cum
880 1367 914 1421 3.
940 1367 1118 1421 Sagitta.
1143 1367 1260 1408 suffr.

246 1426 439 1467 Vicarius
461 1425 514 1466 de
541 1425 815 1481 Byschopton
838 1440 934 1465 cum
951 1425 986 1479 3.
1012 1425 1177 1479 Sagitta
1197 1426 1315 1467 suffr.

250 1483 407 1524 Rector
429 1484 483 1525 de
512 1482 808 1538 Redmershyll
832 1497 926 1523 cum
943 1483 976 1536 3.
1004 1483 1133 1524 Lanc.
1158 1484 1246 1538 etj.
1278 1483 1428 1538 Sagitt.
1453 1483 1568 1524 suffr.

194 1558 196 1560 ·
247 1542 410 1582 Rector
433 1542 486 1583 de
511 1542 722 1596 Staynton
744 1556 839 1582 cum
856 1541 889 1595 3.
910 1542 1076 1595 Sagitta
1094 1542 1213 1585 suffr.

251 1599 411 1641 Rector
433 1600 486 1641 de
512 1599 734 1655 Halghton
757 1614 851 1639 cum
876 1598 915 1654 ij.
942 1599 1073 1640 Lanc.
1097 1609 1140 1640 6(
1162 1599 1232 1653 vij,
1261 1599 1411 1654 Sagitt.
1437 1599 1552 1643 suffr.

246 1657 406 1699 Rector
427 1657 480 1698 de
505 1657 763 1713 Myddelton
790 1656 963 1711 George
979 1672 1073 1698 cum
1092 1658 1125 1711 j.
1151 1657 1304 1709 Sagitt.
1327 1657 1446 1698 suffr.

246 1715 441 1756 Vicarius
458 1715 511 1756 de
539 1715 764 1756 Sokburne
787 1730 882 1755 cum
897 1716 930 1770 j.
959 1715 1111 1769 Sagitt.
1146 1716 1262 1760 suff,

247 1773 409 1814 Rector
430 1773 483 1814 de
510 1772 764 1813 Hurrworth
787 1787 881 1813 cum
899 1773 931 1827 3.
957 1773 1090 1814 Lane.
1113 1783 1155 1814 6(
1176 1774 1218 1828 ij.
1257 1772 1407 1827 Sagitt.
1422 1774 1536 1814 suff‘.

243 1831 435 1871 vicarius
458 1830 511 1871 de
537 1830 791 1883 Del-lington
814 1845 909 1870 cum
926 1831 959 1884 3.
980 1831 1110 1872 Lanc.
1135 1841 1178 1872 et
1199 1832 1241 1885 ij.
1272 1830 1420 1885 Sagitt.
1438 1832 1557 1871 suffr.

245 1888 437 1929 Vicarius
458 1888 512 1929 de
538 1888 653 1928 Aelif
670 1902 766 1929 eum
796 1889 830 1943 3.
867 1887 999 1928 Lanc.
1022 1897 1066 1928 6(
1095 1890 1128 1944 3.
1155 1890 1305 1943 Sagitt.
1329 1888 1400 1944 qui
1423 1898 1608 1929 armatus
1631 1888 1710 1930 fuit

185 1946 302 1988 suffi.

242 2002 434 2043 Vicarius
456 2003 510 2044 de
536 2002 829 2058 Heghyngton
852 2017 947 2042 cum
963 2002 996 2056 j.
1023 2003 1155 2044 Lanc.
1179 2012 1222 2044 et
1244 2003 1285 2057 ij.
1307 2003 1459 2058 Sagitt.
1483 2004 1602 2045 suffr.

246 2060 440 2101 Vicarius
457 2060 510 2100 (16
538 2059 769 2113 Conesclyf
784 2074 879 2100 cum
894 2060 928 2113 3.
953 2061 1105 2114 sagitt.
1128 2061 1243 2103 suffr.

245 2118 437 2159 Vicarius
474 2118 528 2159 (16
567 2117 812 2173 Gaynforth
844 2132 940 2158 cum
967 2119 1001 2172 3.
1037 2118 1169 2162 Lanc.
1205 2127 1248 2159 et
1276 2119 1309 2173 3.
1339 2119 1563 2160 Hobbeler
1585 2128 1628 2160 6(
1651 2119 1707 2175 ἱί3.

186 2176 340 2230 Sagitt.
372 2176 488 2217 suffr.

245 2235 402 2275 Rector
423 2234 476 2275 (16
505 2233 706 2288 Wynston
724 2248 818 2274 cum
835 2233 869 2287 3.
897 2233 1027 2274 Lanc.
1052 2242 1093 2274 et
1107 2235 1141 2289 3.
1167 2234 1320 2290 Sagitt.
1343 2234 1460 2277 suffr.

244 2292 405 2333 Rector
425 2292 479 2333 de
505 2291 688 2333 Cokfeld
710 2306 805 2331 cum
820 2291 855 2345 3.
884 2291 1035 2344 sagitt.
1061 2292 1175 2332 suffr.

243 2350 402 2391 Rector
419 2350 472 2391 (16
497 2348 794 2403 Stayndroppe
817 2363 910 2389 cum
936 2349 991 2403 iij.
1019 2349 1153 2390 Lanc.
1176 2361 1220 2390 6(
1243 2350 1296 2403 ν3,
1325 2350 1458 2406 Sagit.
1482 2350 1599 2390 suffr.

244 2407 405 2448 Rector
436 2408 490 2448 de
526 2406 773 2462 Myddilton
802 2407 843 2446 in
878 2407 1061 2448 Tesdale
1083 2422 1177 2448 cum
1204 2408 1397 2462 j.La11(:.
1425 2417 1466 2448 et
1488 2408 1530 2462 ij.
1557 2406 1707 2461 Sagitt.

181 2481 267 2506 non
291 2474 522 2519 comparet.

243 2522 451 2576 Magister
479 2523 689 2563 Robertus
711 2522 764 2563 de
790 2522 950 2563 Dalton
987 2522 1243 2564 Prebendar.
1267 2524 1309 2563 in
1333 2522 1590 2577 Derlington
1612 2535 1708 2562 cum

177 2580 210 2633 j.
238 2580 370 2620 Lanc.
394 2589 437 2621 6(
453 2581 487 2635 3.
512 2580 665 2635 Sag-itt.
689 2595 771 2620 non
796 2590 1027 2634 comparet.

242 2636 449 2693 Magister
486 2637 594 2678 Will.
620 2636 728 2678 Hull
767 2638 1025 2679 Prebendar.
1058 2637 1158 2680 ibid.
1191 2646 1392 2679 oneratur
1412 2636 1452 2677 in
1475 2636 1556 2677 alia
1576 2646 1706 2691 parte,

183 2694 282 2748 quia
309 2695 466 2736 liector
488 2695 540 2736 (16
567 2694 756 2749 Stanhop
779 2695 895 2736 suffr.
