1807 2962
402 132 679 164 APPENDix.
709 130 827 162 ANN.
858 130 1213 163 mccccxxxvr„
1427 120 1577 167 ccxliii

46 239 87 279 in
110 238 367 281 executione
386 240 653 282 Testamenti
677 239 773 280 mei.
835 239 948 279 Item
967 238 1064 278 volo
1086 246 1129 278 et
1152 237 1302 278 ordino
1324 241 1437 293 quod
1463 241 1570 292 libri,

43 297 308 347 vestimenta,
335 299 466 349 robae,
490 299 572 349 cifi,
604 308 645 339 et
682 298 764 338 alia
792 297 950 352 jocalia
986 307 1027 337 et
1051 296 1246 337 utensilia
1270 311 1374 346 mea,
1398 297 1439 337 in
1465 314 1571 352 111-10-

42 355 157 397 dicto
176 356 424 397 Inventario
448 372 543 399 111οο
565 356 789 411 descripta,
814 356 968 396 dentur
989 363 1032 395 et
1054 354 1362 395 distribuantur
1379 359 1569 409 personis

41 422 83 454 et
106 413 206 454 locis
243 423 285 455 et
322 415 376 455 ad
406 430 516 464 usus,
542 415 708 470 quibus,
734 424 776 456 et
808 414 860 454 ad
884 428 1002 470 quOS,
1026 413 1067 453 in
1096 413 1309 453 Inventai
1301 428 1339 453 10
1361 415 1568 467 praedicto

39 472 318 526 assignantur.
397 473 519 523 Item,
544 482 749 529 quantum
788 473 842 512 ad
875 471 1170 526 leparaciones
1192 471 1354 512 fiendas
1377 487 1568 514 succces-

37 529 121 570 sori
144 534 250 579 11100,
271 545 397 586 quem
418 531 536 571 Deus
553 530 788 586 prosperati
811 530 1040 594 faciat,pro
1061 543 1213 570 0011501
1217 544 1390 570 vacione
1405 530 1567 584 jurium

37 587 240 638 ecclesiae,
270 588 365 629 volo
400 589 516 645 quod
549 597 800 630 executmes
837 588 933 637 mei,
958 587 1105 628 habito
1135 597 1332 641 lespeetu
1369 589 1424 628 ad
1460 589 1565 630 illud

36 640 157 702 quod
175 647 314 700 recepi
342 647 396 688 de
419 647 720 688 executoribus
744 645 1050 711 predecessmis
1072 645 1167 694 mei,
1191 654 1235 686 et
1256 645 1311 686 ad
1338 661 1560 701 expensas,

35 719 138 759 quas
160 704 240 745 feci
262 714 455 760 tempore
478 720 575 746 meo
592 707 704 746 circa
725 705 1017 760 reparaciones
1039 712 1082 745 et
1100 703 1396 745 edificaciones
1419 720 1561 756 novas,

35 777 131 802 cum
154 762 268 804 dicto
290 778 529 805 successore
552 779 646 805 meo
666 762 980 804 rationabiliter
1011 763 1280 812 conveniant,
1305 763 1337 802 si
1361 772 1562 816 poterunt

34 821 327 874 quovismodo.
393 823 465 863 Sin
504 831 647 863 autem
677 823 917 863 excessivus
940 821 1078 870 fuerit,
1105 820 1201 861 volo
1224 821 1370 876 quod
1362 821 1438 876 ipsi
1462 837 1562 863 exe-

33 888 157 919 cutm
160 894 203 920 es
233 880 315 920 mei
345 879 577 921 defendant
599 896 642 921 se
665 890 813 921 contra
836 880 983 934 ipsum,
1008 888 1215 934 quatenus
1238 879 1290 919 de
1320 879 1418 934 jule
1441 891 1561 934 pote-

32 946 145 986 lunt,
176 937 377 993 quamdiu
400 939 511 979 bona
533 954 627 980 mea
661 939 919 987 duraverint,
953 937 1075 978 salvis
1104 952 1271 992 semper
1292 939 1482 991 superius
1515 948 1560 979 et

32 994 206 1036 inferius
228 996 391 1052 legatiS,
412 1012 483 1052 qu
471 1012 507 1036 ·e
532 997 626 1038 volo
644 997 831 1038 subtrahi
848 995 1142 1052 quovismodo.
1209 995 1275 1035 Ad
1294 995 1401 1036 hanc
1416 1006 1558 1038 tamen

32 1053 262 1094 clausulam
269 1034 354 1095 Oita
381 1054 556 1109 praecise
588 1055 896 1096 observandam
919 1054 1017 1094 nolo
1039 1062 1289 1094 executores
1313 1069 1427 1095 meos
1449 1070 1559 1111 prac-

33 1111 169 1152 dictos
203 1112 312 1153 adeo
346 1113 521 1167 astringi
559 1113 729 1154 vinculo
759 1112 1005 1168 juramenti,
1050 1111 1166 1167 quin,
1206 1112 1444 1166 ponderata
1478 1113 1557 1155 hac

31 1169 254 1211 voluntate
289 1186 397 1221 mea,
422 1171 599 1212 liberum
633 1172 817 1213 habeant
848 1170 1068 1212 arbitrium
1101 1170 1250 1210 melius
1282 1179 1324 1211 et
1347 1170 1498 1221 sanius,
1523 1172 1558 1212 si

30 1229 223 1283 poterint
254 1229 518 1283 disponendi.
600 1230 707 1271 Item
735 1230 830 1284 lego
855 1229 1116 1283 Margaretae
1153 1229 1286 1269 sorori
1324 1244 1430 1270 111οεῑο
1452 1245 1556 1285 qua-

30 1285 227 1343 draginta
256 1286 397 1331 libi-as.
467 1288 576 1329 Item
599 1288 696 1345 lego
719 1288 894 1329 cuilibet
914 1287 1113 1327 scutifero
1136 1302 1231 1327 meo
1254 1287 1459 1337 famulari,
1484 1288 1555 1343 qui

29 1359 195 1385 mecum
213 1345 475 1387 familiariter
496 1346 688 1388 extiterit
710 1356 902 1401 tempore
925 1345 1070 1386 mortis
1093 1360 1213 1393 meae,
1246 1347 1358 1386 ultra
1380 1360 1431 1386 ea
1459 1361 1555 1401 quae

27 1401 71 1442 in
96 1403 177 1444 hoc
200 1403 479 1445 Testamento
501 1419 596 1446 meo
618 1413 716 1446 sunt
747 1420 893 1446 eorum
926 1404 1133 1460 aliquibus
1156 1418 1230 1457 per
1252 1418 1294 1444 se
1315 1403 1557 1458 specialiter

26 1460 251 1515 assignata,
290 1472 463 1503 centum
500 1463 670 1504 solidos.
735 1462 791 1504 Et
829 1463 1002 1504 cuilibet
1024 1462 1189 1502 valecto
1228 1477 1323 1502 meo
1346 1462 1552 1512 famulari,

26 1519 137 1561 ultra
158 1535 209 1561 ea
229 1535 324 1576 quae
339 1520 510 1562 inferius
530 1521 574 1562 in
597 1522 677 1562 1100
698 1521 977 1562 Testamento
1002 1535 1095 1561 meo
1116 1529 1214 1560 sunt
1236 1535 1384 1561 eorum
1407 1520 1557 1576 aliqui-

25 1577 104 1619 bus
135 1593 212 1633 per
242 1594 286 1620 se
317 1579 556 1634 specialiter
587 1581 808 1634 assignata,
842 1579 1028 1635 quinque
1061 1593 1239 1620 marcas,
1304 1579 1360 1619 Et
1380 1578 1554 1619 cuilibet

22 1636 183 1677 famulo
206 1652 299 1678 meo
321 1637 528 1688 familiari,
553 1649 704 1679 vocato
726 1653 885 1692 grome,
910 1639 1020 1679 ultra
1042 1652 1092 1678 ea
1114 1651 1209 1692 quae
1233 1636 1272 1676 in
1295 1636 1375 1677 hoc
1399 1636 1554 1678 Testa-

22 1704 167 1735 mento
203 1710 301 1736 meo
333 1704 430 1737 sunt
466 1711 614 1737 eorum
651 1696 860 1752 aliquibus
895 1711 970 1751 per
1002 1711 1045 1737 se
1067 1694 1307 1749 specialiter
1327 1695 1551 1748 assignata,

20 1753 303 1808 quadraginta
333 1754 502 1795 solidos.
570 1754 624 1795 Et
656 1754 829 1795 cuilibet
860 1763 1038 1811 pagetto
1071 1768 1166 1793 meo
1187 1752 1380 1793 familiari
1405 1752 1554 1809 viginti

21 1811 196 1852 solidos.
259 1812 368 1853 Item
402 1813 498 1853 volo
519 1814 632 1868 quod
656 1829 680 1854 a
703 1822 893 1868 tempore
915 1814 1060 1853 mortis
1083 1826 1188 1852 meae
1211 1826 1342 1866 usque
1365 1811 1418 1851 ad
1439 1826 1554 1852 111011-

21 1884 108 1909 sem
140 1870 398 1924 completum
431 1883 525 1925 post
547 1871 755 1911 solemnes
778 1870 980 1926 exequias
1002 1870 1158 1910 funeris
1182 1870 1264 1909 mei
1286 1869 1436 1909 domus
1459 1884 1554 1910 mea

18 1941 113 1967 cum
138 1927 411 1969 familiaribus
435 1929 551 1979 meis,
576 1929 646 1985 qui
669 1944 888 1970 remanere
907 1929 1132 1977 voluerint,
1151 1927 1316 1981 integre
1335 1936 1553 1976 teneatur3

18 1994 66 2025 ut
90 1985 255 2026 interim
277 1986 329 2027 de
349 1987 467 2027 novis
489 1987 670 2028 dominis
692 1996 735 2028 et
759 1987 965 2041 magistris
988 1987 1066 2027 sibi
1084 1985 1350 2041 provideant,
1374 1985 1446 2042 qui
1470 2001 1553 2026 non

19 2043 230 2085 sufficiunt
256 2044 334 2085 sibi
357 2044 468 2099 ipsis.
534 2046 643 2086 Item
667 2046 777 2086 ultra
799 2061 848 2086 ea
869 2060 964 2101 quae
987 2044 1258 2085 intitulantur
1280 2043 1320 2083 in
1343 2043 1459 2084 dicto
1483 2044 1554 2085 In-

19 2103 211 2142 ventario
247 2118 343 2143 meo
377 2117 453 2158 pro
492 2103 661 2144 Thoma
699 2103 889 2153 Holden,
926 2103 1021 2157 lego
1055 2102 1194 2143 eidem
1235 2102 1433 2151 Thomas,
1474 2117 1552 2156 pro

19 2159 134 2200 bono
165 2170 208 2200 et
239 2160 363 2214 legali
399 2161 576 2202 servicio
607 2177 682 2201 suo
716 2161 842 2201 michi
875 2163 1080 2216 impenso,
1104 2169 1147 2201 et
1169 2175 1247 2214 pro
1269 2159 1484 2200 laboribus
1508 2169 1550 2200 et

20 2217 215 2270 expensis
238 2218 335 2267 suis,
359 2234 464 2274 quos
488 2219 529 2259 in
552 2219 730 2260 servicio
752 2234 847 2259 meo
869 2219 1064 2259 sustinuit
1086 2226 1128 2259 et
1144 2217 1383 2266 sustinebit,
1402 2217 1549 2270 viginti

17 2275 191 2316 solidos.
254 2276 363 2316 Item
397 2277 508 2317 ultra
538 2292 588 2317 ea
619 2292 714 2332 quae
747 2277 1012 2317 intitulantur
1044 2277 1084 2316 in
1117 2276 1269 2316 eodem
1303 2275 1550 2315 Inventario

19 2347 116 2373 meo
149 2348 226 2387 pro
265 2333 476 2375 Nicholao
508 2335 679 2383 Hulme,
714 2334 811 2388 lego
849 2334 986 2375 eidem
1021 2333 1248 2380 Nicholao,
1273 2347 1349 2386 pro
1371 2332 1485 2372 bono
1507 2342 1552 2372 et

17 2390 145 2444 legali
178 2390 356 2432 servicio
386 2406 463 2432 suo
495 2391 622 2432 michi
656 2393 862 2446 impenso,
886 2401 928 2432 et
951 2407 1028 2446 pro
1050 2390 1265 2432 laboribus
1288 2399 1329 2430 et
1352 2389 1550 2444 expensis

19 2448 103 2489 suis
135 2464 241 2504 quos
274 2450 315 2489 in
339 2449 515 2490 servicio
537 2465 633 2490 meo
655 2449 851 2490 sustinuit
873 2460 915 2490 et
938 2449 1176 2497 sustinebit,
1200 2447 1347 2501 viginti
1371 2462 1547 2489 marcas

20 2506 132 2546 Item
165 2507 274 2548 ultra
309 2522 360 2548 ea
395 2522 492 2563 quae
528 2507 797 2548 intitulantur
830 2507 872 2547 in
905 2508 1020 2548 dicto
1058 2505 1301 2547 Inventario
1339 2520 1434 2545 meo
1471 2521 1550 2560 pro

18 2564 191 2605 domino
223 2565 419 2606 Johanne
456 2565 646 2606 Radcliff
661 2565 920 2606 thesaurario
943 2564 1120 2620 hospicii
1149 2563 1245 2606 mei.
1279 2563 1375 2617 lego
1411 2564 1550 2604 eidem

20 2621 195 2662 domino
229 2637 308 2677 pro
345 2623 485 2663 bono*
523 2630 594 2665 etc.
629 2623 777 2677 viginti
806 2638 978 2664 marcas.
1048 2623 1155 2663 Item
1180 2622 1290 2663 ultra
1316 2650 1363 2655 -
1384 2621 1550 2662 ,Iacobo

21 2680 299 2735 Grenehalgh
331 2696 408 2735 pro
440 2682 554 2722 bono
585 2688 656 2725 etc.
691 2681 838 2738 viginti
873 2696 1048 2722 marcas.
1117 2680 1225 2721 Item
1254 2679 1363 2720 ultra
1398 2708 1437 2713 —
1463 2680 1549 2720 Ro„

284 2797 301 2813 ³*
322 2796 387 2828 We
404 2797 487 2829 omit
506 2798 600 2830 these
617 2798 816 2841 repetitions
834 2797 884 2830 for
901 2797 957 2829 the
975 2797 1052 2830 sake
1070 2796 1108 2829 of
1126 2796 1273 2837 brevity.

742 2862 827 2903 Q2
