1807 2962
477 97 744 129 ‘ROBERTUS
770 97 835 128 DE
866 96 1178 130 GRAYTANES.
1532 93 1598 144 73

0 209 30 271 [
67 205 120 249 ad
153 204 422 256 studendum,
466 213 510 246 et
543 206 602 247 eis
638 205 737 247 satis
778 205 891 247 laute
934 220 1140 260 expensas
1175 205 1452 258 ministrabat,
1486 211 1598 252 malo

67 264 331 311 occasionem
380 262 699 305 administrante
749 264 864 304 bono
906 265 1015 305 sicut
1056 273 1294 319 peccatum.
1362 265 1469 307 Inde
1519 269 1600 311 fuit

66 321 231 364 occasio
252 321 554 376 redemptionis
577 324 770 372 nostrae.]
835 321 979 378 Hujus
1005 322 1164 364 Priori-s
1187 331 1379 379 tempore
1396 324 1475 365 fuit
1497 340 1599 366 con-

67 388 239 422 ventum
272 394 367 421 cum
402 379 736 434 Archiepiscopo
772 379 1048 430 Eboracensi‚
1094 380 1285 435 Hugone
1307 381 1360 423 de
1385 382 1598 425 Evesham

72 437 287 480 Cardinali
303 437 543 486 mediante3
567 438 626 479 ita
642 437 758 493 quod
773 437 874 478 sede
893 447 1070 479 vacante
1087 438 1389 481 Dunelmensis
1407 441 1598 482 ecclesiae

69 495 425 551 Archiepiscopus
450 495 788 550 jurisdictionem
825 505 1025 537 exerceat
1058 495 1102 537 in
1134 497 1311 547 eadem3
1343 500 1451 540 sicut
1480 509 1599 554 patet

67 553 109 595 in
130 553 294 608 scriptis
314 554 413 595 inde
431 553 648 604 confectis,
669 568 782 597 anno
802 552 978 594 Domini
996 568 1275 599 MchXXXVI.
1312 556 1369 597 Et
1386 567 1598 599 revocatae

58 620 164 653 sunt
197 626 344 653 omnes
370 626 560 653 censurae
592 611 942 668 qualitercunque
978 611 1077 653 latae
1116 622 1265 655 contra
1297 629 1598 672 quamcunque

66 679 232 726 partem
268 679 444 726 propter
493 669 617 711 istam
654 668 831 723 brigam‚
875 680 918 711 et
957 684 1097 725 poenae
1147 671 1329 713 invicem
1378 673 1600 717 relaxatae.

72 728 281 770 Ricardus
332 742 430 770 vero
471 727 525 769 de
583 728 785 778 Claxton,
830 728 1046 783 quondam
1083 729 1220 780 Prior,
1255 739 1478 773 contentus
1510 743 1602 775 erat

63 786 173 828 cella
192 786 246 827 de
275 786 532 836 Weremuth‚
556 786 755 841 adjuncta
775 785 814 827 ei
838 786 1003 828 decima
1030 786 1084 829 de
1112 787 1335 844 Suthwyk,
1359 804 1437 844 pro
1458 793 1602 845 provi-

69 844 186 886 sione
208 859 297 886 sua.
350 846 481 886 Anno
497 844 688 894 Domini,
713 852 811 893 etc„
830 857 1117 896 MCCLxxmx,
1136 847 1208 902 qui
1222 856 1313 889 erat
1330 862 1461 889 annus
1475 864 1602 905 quar-

69 911 136 943 tus
174 902 370 957 Hugonis
404 902 564 943 Prioris
594 902 636 943 in
670 901 865 943 Prioratu
898 903 1099 954 secundo,
1132 904 1306 954 [foetere
1328 906 1460 962 cepit]
1487 907 1601 949 idem

73 960 197 1001 Prior
232 959 471 1002 Conventui
502 959 546 1001 in
578 968 757 1011 tantum,
801 961 917 1017 quod
958 961 1051 1016 ipso
1082 977 1247 1004 moram
1284 964 1465 1006 faciente
1487 966 1600 1020 apud

68 1018 282 1075 Fynkhal‚
302 1029 344 1060 et
363 1018 550 1060 totaliter
567 1018 713 1069 inscio,
734 1018 950 1060 mitterent
968 1020 1076 1061 duos
1091 1020 1243 1062 fratres
1258 1022 1529 1064 Londoniam
1547 1025 1603 1065 ad

71 1077 412 1118 denunciandum
441 1076 651 1131 Episcopo
681 1076 975 1132 impotentiam
1004 1086 1047 1119 et
1069 1079 1334 1121 debilitatem
1366 1081 1535 1132 Prioris,
1561 1091 1605 1124 et

62 1135 289 1176 defectum
325 1135 543 1191 regiminis
574 1144 752 1190 propter
783 1134 1100 1177 incommodum
1123 1138 1369 1189 senectutis,
1401 1149 1442 1180 et
1459 1140 1512 1181 ad
1534 1155 1604 1181 ro-

71 1193 256 1246 gandum
280 1208 377 1234 eum
400 1193 453 1234 de
485 1192 674 1234 remedio
695 1192 944 1234 ordinando.
1007 1194 1096 1236 Sed
1117 1210 1213 1236 cum
1247 1195 1327 1237 hoe
1349 1197 1603 1240 innotuisset

71 1250 212 1292 Priori
244 1266 319 1306 per
350 1251 578 1307 quemdam
600 1251 654 1292 de
683 1260 912 1301 conventu,
938 1252 1050 1292 misit
1074 1253 1197 1294 Prior
1219 1262 1262 1295 et
1282 1255 1509 1310 quemdam
1545 1257 1600 1297 de

73 1309 158 1350 suis
180 1310 250 1365 qui
299 1308 510 1364 Episcopo
543 1324 739 1363 magnam
776 1324 983 1350 summam
1020 1311 1212 1365 pecuniae
1241 1313 1524 1366 promitteret,
1550 1329 1602 1356 ea

64 1367 330 1415 conditione,
359 1368 473 1423 quod
497 1368 745 1421 petitionem
769 1378 1000 1409 conventus
1023 1384 1108 1409 non
1132 1369 1314 1411 audiret.
1367 1371 1453 1412 Sed
1482 1372 1602 1427 Epis-

64 1440 204 1480 „copus
225 1424 475 1480 petitionem
502 1424 661 1466 Prioris
683 1425 853 1479 rejecit3
892 1435 934 1467 et
975 1435 1189 1468 maturans
1211 1429 1291 1468 iter
1312 1443 1432 1469 suum
1456 1445 1601 1471 versus

76 1483 351 1532 Dunelmum,
390 1483 625 1524 cessionem
654 1483 746 1538 ejus
774 1483 945 1525 admisit
973 1485 1070 1540 [sub
1091 1485 1209 1536 data]
1241 1501 1266 1526 v
1304 1486 1397 1528 idus
1436 1488 1600 1539 Martii,

66 1556 187 1585 ‚anno
211 1541 387 1586 Domini
408 1541 667 1597 supradicto,

187 1884 292 1915 ΌᾹΡ.
316 1884 430 1912 XXII.
465 1885 690 1914 RICARDUS
714 1888 771 1914 DE
797 1888 954 1916 HOTON
979 1889 1027 1916 IN
1052 1890 1263 1919 PRIOREM
1283 1893 1485 1922 ELECTUS

789 1946 882 1977 EST.

604 2039 703 2081 [MS.
733 2038 817 2083 Cap.
834 2051 914 2073 eLv.
934 2040 957 2073 f.
983 2042 1078 2083 198⁴]

139 2131 267 2172 Anno
300 2131 428 2185 igitur
466 2130 641 2172 Domini
674 2146 959 2185 MCCLXXXIX,
995 2134 1036 2176 in
1076 2135 1220 2193 vigilia
1251 2138 1602 2183 Annuntiationis

81 2188 334 2239 Dominicae‚
358 2189 492 2243 petita
509 2189 679 2231 licentia
694 2192 747 2232 ab
771 2192 983 2247 Episcopo
1001 2203 1042 2234 et
1060 2195 1248 2244 obtenta,
1269 2197 1428 2240 electus
1446 2208 1507 2240 est
1529 2200 1603 2241 Ri-

72 2247 228 2287 ncardus
251 2247 304 2288 de
326 2247 517 2298 Hotoun‚
540 2250 694 2298 [Prior
713 2252 823 2291 cellae
842 2253 890 2292 de
911 2251 1091 2303 Lyclme.
1113 2253 1214 2303 W,]
1236 2253 1277 2294 in
1300 2255 1492 2298 Priorem
1513 2258 1606 2298 Du-

80 2304 337 2346 nelmensem
352 2321 428 2360 per
442 2321 534 2347 com
540 2307 819 2361 promissaria.
853 2309 1113 2363 [Episcopus
1130 2326 1227 2351 vero
1243 2313 1392 2354 eodem
1408 2315 1477 2355 die
1491 2316 1605 2369 apud

86 2362 249 2418 Kypier
279 2363 554 2417 pernoctavit,
588 2373 629 2406 et
661 2364 703 2406 in
735 2366 918 2407 crastino
950 2369 1152 2422 majorem
1176 2369 1342 2410 missam
1375 2371 1417 2410 in
1440 2387 1606 2413 monas-

81 2420 191 2461 terio
228 2421 468 2470 celebravit,
502 2430 545 2462 et
581 2437 724 2463 versus
756 2432 945 2464 austrum
984 2440 1230 2479 properans,
1255 2427 1463 2480 electum]
1491 2432 1604 2484 apud

86 2478 306 2531 Crideling
342 2479 617 2529 confirmavit,
652 2494 690 2522 v.
715 2480 798 2523 kal.
828 2481 998 2535 Aprilis,
1067 2483 1401 2539 [Confirmatus]
1425 2487 1465 2526 in
1488 2498 1605 2530 octa-

82 2536 143 2576 vis
178 2536 354 2576 Paschae
376 2535 615 2577 installatur
636 2538 688 2577 ab
711 2538 877 2580 officiali
914 2539 1212 2580 Archidiaconi
1236 2542 1539 2586 Dunelmensis
1562 2562 1602 2590 v.

82 2593 178 2633 idus
220 2593 391 2648 Aprilis,
458 2593 542 2635 Iste
587 2594 709 2634 Prior
739 2595 979 2650 impetravit
1012 2599 1244 2640 manerium
1278 2600 1331 2641 de
1357 2602 1528 2643 Howall
1551 2606 1605 2646 de

83 2650 255 2692 licentia
272 2651 471 2706 Episcopi
492 2667 501 2693 :
525 2651 662 2692 locum
687 2652 869 2693 Oxoniae
891 2655 1153 2709 comparavit
1175 2666 1216 2697 et
1239 2659 1451 2701 aedificare
1473 2661 1575 2703 fecit
1593 2679 1603 2712 3

79 2708 288 2763 capellam
322 2709 447 2750 etiam
470 2710 523 2750 de
551 2709 673 2750 Bello
699 2711 818 2752 Loco
840 2713 1090 2754 construxit.
1154 2714 1297 2772 Hujus
1322 2717 1478 2758 Prioris
1502 2729 1606 2760 tem..

82 2781 188 2823 pore
229 2768 437 2810 concessit
469 2768 684 2810 Antonius
721 2768 858 2810 Priori
889 2779 930 2812 et
959 2773 1187 2814 conventui
1210 2775 1486 2832 [salvaginam
1508 2793 1606 2819 cum
