1807 2962
448 103 720 138 AFPEme.
747 102 868 135 ANN.
897 104 1128 138 mcccxn„
1551 94 1629 141 cix

107 216 387 275 praesentibus
429 220 493 255 est
533 225 781 268 appensum.
855 212 973 255 Data
1014 212 1231 264 Dunelmi,
1272 226 1324 255 111
1367 213 1434 256 die
1477 216 1629 257 mensis

108 275 283 333 Aprilis,
306 288 418 316 anno
443 270 618 313 Domini
640 274 890 315 M⁰CCC⁰XI1.

237 1511 422 1543 LXXXIX.
455 1514 635 1543 CITACIO
673 1515 730 1542 AD
768 1514 1141 1543 PARLIAMENTUM
1178 1515 1325 1543 REGIS.
1398 1514 1526 1545 ANNO‘

237 1574 331 1605 QUO
384 1573 531 1600 SUPRA
583 1573 803 1601 FUERUNT
884 1571 1130 1600 EPISCOPUS
1197 1573 1527 1602 DUNELMENSIS

237 1632 294 1658 ET
330 1631 474 1658 PRIOR.
521 1630 849 1659 DUNOLMENSIS
900 1631 1050 1659 CITATI
1089 1631 1439 1659 PERSONALITER
1477 1634 1536 1660 AD

235 1688 607 1716 PARLIAMENTUM
647 1689 780 1717 REGIS
813 1690 870 1716 ET
903 1689 1170 1717 CAPITULUM
1213 1690 1530 1718 DUNOLMENSE

238 1746 345 1775 FUIT
384 1743 602 1783 CITATUM,
630 1746 688 1774 UT
719 1747 1028 1774 COMPARERET
1050 1747 1217 1775 IBIDEM
1241 1748 1330 1776 PER
1353 1748 1529 1777 PROCU-

237 1804 458 1833 RATOREM
480 1805 566 1833 SUB
589 1804 775 1833 TENORE
799 1805 940 1833 INFRA
961 1805 1166 1836 SCRIPTO.

721 1882 826 1926 [neg.
843 1881 888 1914 11.
905 1881 928 1914 f.
948 1883 1041 1924 1,b.]

184 1955 421 2001 Edwardus
458 1958 546 2002 Dei
579 1957 718 2016 gratia
758 1958 853 2000 Rex
894 1958 1077 2013 Angues,
1103 1959 1314 2001 Dominus
1342 1961 1580 2013 Hiberniae,
1605 1971 1648 2005 et

122 2015 230 2060 Dux
263 2017 521 2074 Aquitaniae,
546 2016 776 2059 venerabili
809 2017 852 2057 in
885 2017 1057 2059 Christo
1089 2018 1199 2073 patri
1224 2019 1293 2069 R„
1318 2019 1468 2061 eadem
1504 2021 1649 2076 gracia

122 2073 339 2131 Episcopo
361 2076 661 2125 Dunolmensi,
679 2075 875 2116 salutem.
921 2075 1036 2125 Quia
1057 2085 1232 2131 propter
1248 2077 1429 2131 plurima
1450 2087 1492 2120 et
1514 2079 1648 2121 ardua

120 2133 302 2188 negocia
321 2147 397 2174 nos
419 2142 462 2175 et
479 2144 635 2176 statum
656 2133 777 2191 regni
793 2134 925 2175 nostri
947 2134 1179 2189 tangentia,
1199 2134 1268 2176 die
1289 2135 1501 2178 dominica
1521 2152 1653 2192 prox-2

120 2191 205 2233 ime
232 2199 329 2247 post
357 2191 512 2233 festum
544 2201 703 2233 sanctae
738 2191 891 2233 Mariae
924 2192 1197 2250 Magdalenae
1233 2195 1427 2247 proxime
1457 2194 1649 2237 futurum

121 2249 421 2300 ordinavimus,
475 2250 575 2291 Deo
630 2248 833 2304 propicio,
895 2249 1010 2304 apud
1066 2249 1262 2292 Lincoln.
1311 2251 1650 2295 Parliamentum

123 2315 284 2357 tenere,
320 2316 363 2348 et
398 2308 618 2348 vobiscum
649 2322 699 2348 ac
736 2321 832 2348 cum
869 2308 1020 2349 ceteris
1052 2307 1224 2362 prelatis
1259 2316 1301 2349 et
1329 2310 1574 2362 proceribus
1597 2312 1650 2352 de

123 2363 240 2405 dicto
271 2372 417 2406 nostro
446 2380 578 2422 regno
609 2380 735 2419 super
765 2364 953 2418 negociis
973 2365 1189 2420 praedictis
1209 2365 1368 2407 habere
1390 2367 1651 2424 colloquium

124 2431 168 2464 et
203 2430 444 2472 tractatum,
480 2422 599 2464 vobis
635 2422 899 2472 mandamus,
938 2422 981 2462 in
1023 2422 1108 2464 fide
1144 2432 1186 2464 et
1221 2423 1457 2466 dileccione
1496 2427 1654 2482 quibus

124 2480 246 2522 nobis
269 2479 485 2530 tenemini,
511 2479 690 2521 firmiter
712 2479 991 2535 injungentes,
1015 2480 1131 2536 quod
1153 2481 1347 2522 omnibus
1369 2482 1459 2523 ali-is
1477 2492 1652 2538 praeter-

124 2538 275 2588 missis,
300 2537 388 2578 sitis
421 2538 475 2578 ad
496 2553 572 2579 nos
594 2537 635 2578 in
657 2538 830 2593 propria
860 2552 1039 2592 persona
1071 2546 1210 2579 vestra
1231 2538 1285 2580 ad
1307 2538 1420 2581 diem
1443 2551 1486 2582 et
1510 2542 1651 2584 locum

125 2596 368 2653 praedictOS,
389 2595 545 2637 ibidem
568 2596 789 2637 nobiscum
806 2603 848 2636 et
869 2610 966 2637 cum
987 2596 1157 2650 prelatis
1180 2606 1223 2638 et
1243 2598 1489 2652 proceribus
1507 2615 1654 2655 supra-

129 2655 252 2697 dictis
286 2667 410 2710 super
431 2653 554 2695 dictis
576 2653 760 2709 negociis
783 2655 1016 2704 tractaturi,
1041 2663 1312 2711 vestrumque
1335 2657 1555 2699 consilium
1578 2659 1655 2700 im·-

128 2712 316 2768 pensuri,
340 2711 669 2768 praemunientes
706 2711 899 2754 Priorem
936 2720 978 2754 et
1019 2712 1264 2769 Capitulum
1287 2715 1478 2757 ecelesiae
1502 2725 1653 2759 vestrae

130 2771 452 2823 Dunolmensis,
471 2770 821 2822 Archidiaeonos,
840 2779 1061 2828 totumque
1083 2771 1242 2815 clerum
1265 2784 1414 2818 vestrae
1436 2773 1654 2819 dioceseos
