1807 2962
506 101 778 145 APPENDIX.
807 101 931 139 ΛΝΝε
956 107 1294 140 mccchxxu.
1500 81 1653 138 cccliii

117 214 262 269 gendo
284 214 546 265 mandamus,
578 224 794 280 quatenus·
808 215 861 257 de
883 222 926 256 et
959 228 1084 270 super
1119 212 1362 269 hujusmodi
1386 213 1518 254 abusu
1543 213 1651 253 infra

117 272 279 315 Cellam
303 282 501 323 nostiam,
526 273 592 314 cui
625 273 831 328 praeestis,
865 273 1053 314 fortassis
1075 273 1237 322 habito,
1270 270 1502 327 anquiratis
1523 279 1565 311 et
1588 270 1650 311 in-

114 330 334 388 vestigetis
355 330 605 386 diligencius
628 331 859 373 veritatem.
925 330 982 372 Et
1002 330 1036 371 si
1058 332 1163 386 quis,
1188 330 1254 371 vel
1276 330 1361 386 qui,
1384 328 1647 370 confiatrum

113 397 372 439 nostrorum,
392 389 609 431 vobiscum
633 390 906 440 moi-aucium,
932 389 998 430 vel
1021 389 1298 454 imposterum
1320 395 1645 436 mensurnorum,

113 446 273 502 reperti
314 447 474 488 suerint
515 447 756 501 hujusmodi
804 446 1084 503 inquisicione
1127 446 1289 503 piaexia
1338 446 1451 501 culp
1440 444 1569 486 [biles
1603 445 1647 484 in

111 503 353 561 praemissis,
378 505 616 562 talibusque
647 504 903 547 indumentis
943 505 998 547 ad
1034 506 1281 547 scandalum
1320 503 1451 545 nosui
1487 498 1647 544 ordinis

112 563 178 605 usi
200 562 373 613 fuerint,
394 573 468 605 aut
488 575 586 604 usus
608 562 735 604 fuerit
749 563 901 619 aliquis
912 563 1186 614 eorundem,
1178 578 1304 618 ipsos,
1329 562 1417 604 vel*
1409 576 1560 617 ipsum,
1585 561 1646 601 sic

113 621 511 676 tlansgredientem,
529 622 814 677 peremptorie
829 621 1050 671 moneatis,
1069 636 1228 677 nosque
1244 636 1316 662 vos
1338 631 1382 662 et
1402 635 1475 662 eos
1497 628 1646 661 tenore

111 679 391 734 praesencium
413 679 538 720 simili
559 679 689 720 modo
710 694 947 730 monemus,
964 680 1080 736 quod
1102 680 1210 721 infra
1227 679 1380 721 mensis
1401 677 1589 733 spacium
1621 692 1647 717 a

115 749 307 792 tempore
329 737 678 793 praese-madonis
711 738 991 792 praesencium
1014 737 1133 779 vobis
1156 738 1293 787 factae,
1318 736 1561 792 hujusmodi
1584 737 1644 776 in-

111 795 317 837 dumenta
348 795 563 851 prohibita
594 795 735 837 omnia
760 805 802 837 et
823 796 1003 850 singula,
1035 807 1078 837 et
1100 795 1333 851 praesertim
1356 795 1510 849 caligas
1532 795 1646 836 clau-

111 867 191 904 sas,
215 865 393 910 quarum
417 868 540 896 usu-m
574 854 692 895 vobis
726 863 768 895 et
805 853 867 896 eis
884 864 1093 909 perpetuo
1129 854 1419 896 interdicimus
1443 867 1518 908 per
1539 867 1646 907 prae-

110 921 266 962 sentes,
289 911 515 953 dimittatis
534 920 578 968 et
598 911 828 963 dimittant,
865 912 1010 969 sicque
1041 912 1230 954 dimittat
1266 910 1554 968 unusquisque
1576 925 1647 952 ecfi

110 970 290 1011 rundem
311 970 389 1011 sub
412 970 546 1025 poenis
570 970 611 1011 in
645 972 812 1012 statutis
834 973 966 1012 nostri
997 971 1154 1012 ordinis
1176 972 1380 1027 appositis
1409 972 1451 1011 in
1476 985 1549 1010 vos
1572 978 1647 1010 aut

109 1043 182 1070 eos
204 1029 465 1070 contrarium
485 1028 701 1079 faci-entes,
724 1044 803 1084 pro
835 1029 936 1070 locis
969 1038 1011 1071 et
1047 1029 1306 1085 temporibus
1329 1028 1550 1085 oportunis
1572 1027 1648 1068 de-

108 1086 199 1128 bite
231 1085 482 1140 infligendiS,
525 1096 569 1128 et
607 1087 729 1128 sicuti
771 1096 915 1128 notam
957 1087 1257 1130 inobedientiae
1293 1096 1335 1129 et
1376 1094 1646 1142 contemptus

111 1143 328 1186 volueritis
350 1153 392 1186 et
416 1145 642 1186 voluerunt
664 1148 826 1187 evitare
848 1146 889 1186 in
914 1155 1086 1188 eventu.
1162 1145 1482 1195 Nichilomiuus,
1502 1145 1646 1200 quoad.

110 1217 235 1245 usum
284 1202 554 1244 camisiarum
602 1203 844 1260 hujusmodi
885 1204 1106 1255 linearum,
1152 1213 1345 1259 tempore
1386 1202 1645 1244 infirmitatis

110 1260 250 1318 gravis
277 1270 319 1302 et
342 1275 426 1302 non
450 1262 577 1310 fictae,
597 1262 662 1303 vel
684 1277 716 1302 Sl
739 1272 893 1318 corpus
914 1262 1102 1318 alicujuS‚
1126 1262 1241 1318 quod
1263 1261 1384 1312 absit,
1408 1261 1458 1302 sit
1482 1261 1644 1303 scabio-

112 1334 218 1370 sum,
253 1319 507 1369 ulcerosum,
543 1319 825 1370 vulneiatum,
859 1331 1047 1376 mptum,
1083 1320 1301 1371 infectum,
1326 1321 1389 1361 vel
1412 1319 1553 1375 aliquo
1576 1335 1646 1360 ve-

113 1393 229 1420 neno
262 1377 446 1433 plenum,
485 1378 720 1419 dummodo
755 1391 834 1434 per
869 1392 945 1420 vos
982 1380 1025 1420 in
1064 1387 1204 1420 vestra
1238 1390 1339 1419 sana
1369 1378 1644 1427 conscientia,

113 1451 242 1493 quam
278 1436 320 1477 in
357 1436 435 1477 hac
472 1446 592 1491 palte
625 1447 860 1486 oneiamns,
884 1451 1010 1492 super
1030 1437 1203 1487 eisdem,
1228 1437 1296 1478 vel
1318 1452 1392 1478 e01
1397 1451 1464 1477 um
1486 1435 1644 1492 aliquo,

113 1509 257 1536 eoram
289 1494 408 1536 nobis
432 1494 544 1536 facta
566 1494 619 1536 sit
637 1495 757 1546 fides,
781 1495 977 1536 volumus
999 1506 1041 1537 et
1062 1469 1332 1546 intendimus,
1355 1492 1390 1536 si
1410 1510 1528 1536 casus
1552 1494 1647 1535 talis

114 1562 322 1610 emergat,
358 1561 401 1594 et
432 1568 458 1594 a
479 1552 598 1594 nobis
621 1552 689 1608 pie
710 1562 896 1608 petatur,
923 1553 1138 1595 vobiscum
1162 1563 1205 1595 et
1227 1569 1323 1594 cum
1345 1555 1403 1595 eis
1426 1569 1474 1594 ac
1496 1567 1647 1594 eorum

115 1611 307 1666 singulis,
343 1610 556 1652 stantibus
583 1611 824 1666 praemissiS,
849 1621 903 1653 ex
924 1611 1061 1666 gratia
1082 1621 1226 1653 nostra
1246 1611 1416 1666 speciali
1440 1610 1648 1653 favorabi-

116 1669 215 1711 liter
247 1668 505 1724 dispensare.
583 1669 790 1711 Volumus
824 1669 1012 1725 insuper,
1052 1679 1094 1711 et
1130 1669 1321 1712 districte
1359 1669 1647 1725 praecipieudo

115 1728 380 1777 mandamus,
414 1735 637 1783 quatenus,
671 1727 913 1783 hujusmodi
943 1728 1124 1769 camisiis
1155 1738 1197 1770 et
1229 1728 1372 1783 caligis
1394 1728 1562 1784 penitus
1584 1727 1648 1769 di-

115 1785 253 1827 missis
285 1795 328 1826 et
360 1785 551 1840 abjectis,
588 1785 775 1827 vestibus
807 1786 1023 1827 stamineis
1055 1796 1098 1827 et
1119 1786 1264 1841 cal-igis
1286 1786 1649 1841 separatis,juxta

115 1843 251 1885 nostri
267 1844 514 1885 monasterii
536 1844 894 1885 consuetudinem·
909 1844 1167 1886 laudabilem
1184 1844 1416 1901 antiquitus
1433 1845 1648 1894 usitatam,

115 1901 364 1952 induamini,
400 1911 444 1943 et
481 1901 681 1943 induatur
709 1902 888 1958 quilibet
919 1902 1168 1953 eorundem,
1202 1904 1293 1944 sine
1325 1918 1456 1953 mora,
1484 1903 1539 1943 ad
1562 1902 1649 1942 Dei

115 1959 288 2001 laudem
322 1968 367 2001 et
400 1960 593 2015 gloriam,
632 1971 876 2017 nostraeque
908 1960 1122 2015 religionis
1153 1961 1467 2002 observantiam
1491 1960 1650 2015 pariter

114 2027 159 2059 et
179 2018 401 2059 honorem.
469 2017 635 2073 Scripta
656 2018 876 2070 Dunelmi,
910 2019 1013 2075 xviij
1043 2019 1111 2061 die
1146 2018 1314 2070 Marcii,
1338 2034 1451 2061 anuo
1475 2017 1651 2060 Domini

115 2081 432 2117 M⁰cccc¹¹¹⁰Lxx
454 2076 606 2131 primo.

176 2134 292 2176 Haec
314 2134 438 2176 litera
458 2134 538 2176 suit
561 2134 688 2176 missa
710 2134 945 2177 successive
967 2135 1164 2177 omnibus
1181 2144 1223 2177 et
1239 2135 1414 2190 singulis
1435 2134 1652 2177 Prioribus

121 2201 169 2233 et
203 2191 415 2246 magistris
453 2192 669 2234 Cellarum
710 2193 912 2234 Ecclesiae
942 2193 1189 2234 Cathedrali
1233 2194 1303 2234 Du
1313 2193 1514 2235 nelmensi
1556 2208 1653 2248 per-2

119 2250 369 2302 tinencium,
395 2250 516 2292 Cella
536 2250 590 2292 de
617 2251 902 2306 Coldingham
926 2259 1087 2293 tantum
1111 2261 1304 2307 excepta.
