1807 2962
191 68 373 115 cxxviii
509 81 641 116 HisT.
664 83 898 116 DUNELM.
927 81 1230 116 SCRIPTORES
1254 84 1392 118 TREs.

186 189 294 241 imus
325 190 642 245 apponendum.
703 192 822 232 Data
847 190 888 231 in
914 190 1114 245 Capitulo
1135 202 1281 235 nostro
1304 190 1598 242 Dunolmensi,
1619 189 1713 246 iii-5¹⁰

185 246 255 289 die
271 248 299 290 J
303 247 387 299 ulii,
410 262 521 290 anno
542 248 721 291 Domini
744 248 967 290 millesimo
988 253 1107 290 cccm⁰
1129 250 1329 292 vicesimo
1349 249 1550 291 secundo.

302 489 390 518 CVI.
424 488 643 516 LICENCIA
660 488 749 516 PRO
770 488 1032 517 HOMINIBUS
1050 488 1235 515 PRIORIS
1253 489 1311 516 AD
1334 488 1598 516 TRANSEUN-

306 547 407 573 DUM
461 546 510 573 IN
543 546 736 574 SCOCIAM
784 546 873 574 PRO
908 546 1240 576 COLDYNGHAM.
1283 546 1373 576 PER.
1414 545 1596 573 ANNCM.

306 604 518 631 EDWARDI
543 603 758 631 SECUNDI.

488 680 597 722 [Cart.
615 679 686 712 111.
702 679 759 712 foi.
776 682 841 712 222
858 681 902 720 b„
919 683 955 713 et
971 680 1063 724 orig.
1083 682 1112 712 ι,
1125 682 1156 713 3.
1173 681 1261 725 Reg.
1279 681 1322 713 E.
1343 681 1390 722 1.]

249 757 486 799 Edwardus
518 758 604 799 Dei
634 756 778 814 gracia
801 758 900 799 Rex
932 757 1116 812 Angliae,
1150 757 1362 799 Dominus
1396 756 1635 807 Hiberniae,
1668 764 1713 798 et

189 814 298 855 Dux
324 815 580 871 Aquitaniae,
604 815 798 857 omnibus
819 815 982 856 ballivis
1004 824 1046 856 et
1064 815 1257 856 fidelibus
1281 817 1378 865 suis,
1402 817 1456 856 ad
1477 830 1582 871 quos
1605 829 1713 869 prae-

190 881 330 913 sentes
366 873 520 914 litterae
560 874 850 927 pervenerint,
895 875 1088 914 salutem.
1172 874 1320 915 Sciatis
1362 874 1478 929 quod
1520 873 1713 913 dedimus

186 928 408 970 licenciam
430 931 587 971 dilecto
617 931 737 971 nobis
759 931 802 970 in
825 930 996 971 Christo
1029 931 1166 971 Priori
1191 931 1467 971 Dunolmensi
1489 930 1604 986 quod
1625 932 1714 984 ipse

188 989 244 1027 ad
265 996 404 1041 partes
430 989 592 1030 Scociae
624 996 668 1028 et
699 988 920 1037 divertere,
944 996 988 1028 et
1010 988 1063 1028 de
1094 989 1176 1027 suis
1197 988 1354 1028 ibidem
1378 989 1546 1029 mittere
1567 989 1712 1042 possit,

190 1045 245 1085 ad
277 1045 631 1098 supervidendum
654 1054 785 1086 terras
807 1053 850 1085 et
881 1054 1140 1094 tenementa,
1165 1060 1259 1101 quae
1281 1046 1335 1086 ad
1356 1047 1493 1100 ipsum
1520 1045 1713 1086 Priorem

191 1103 406 1156 pertinent
441 1103 483 1143 in
522 1103 684 1152 Scocia,
729 1110 771 1143 et
808 1102 863 1143 ad
904 1102 1188 1143 ordinandum
1220 1102 1274 1143 de
1306 1103 1476 1154 eisdem,
1499 1112 1627 1158 prout
1658 1103 1714 1144 ad

191 1160 463 1201 commodum
485 1160 797 1214 ipsius·Prioris
819 1159 966 1200 melius
999 1160 1179 1201 viderint
1208 1160 1461 1202 faciendum.
1536 1162 1594 1202 Et
1615 1161 1713 1202 ideo

190 1217 310 1258 vobis
332 1217 594 1266 mandamus,
619 1218 734 1273 quod
766 1218 906 1258 eidem
940 1218 1078 1258 Priori
1111 1226 1184 1258 aut
1214 1218 1453 1259 hominibus
1485 1220 1582 1268 suis,
1606 1233 1711 1274 quos

190 1274 245 1314 ad
285 1283 428 1329 partes
469 1275 691 1329 praedictas
733 1289 788 1316 ex
829 1290 954 1316 causa
974 1276 1182 1330 praedicta
1211 1276 1388 1326 miserit,
1416 1277 1557 1318 eundo
1580 1291 1713 1332 usque

188 1343 331 1386 partes
352 1332 457 1382 illas,
481 1332 641 1373 ibidem
662 1333 883 1382 morando,
902 1348 978 1374 seu
1001 1332 1159 1375 exinde
1180 1334 1416 1384 redeundo,
1439 1349 1525 1375 non
1556 1334 1712 1375 infera-

190 1388 257 1438 tis,
281 1390 348 1430 vel
363 1398 571 1445 quantum
590 1391 632 1431 in
654 1390 772 1432 vobis
789 1402 866 1441 est,
887 1392 939 1432 ab
962 1391 1051 1431 aliis
1066 1390 1207 1433 inferri
1225 1391 1476 1446 permittatis
1497 1391 1709 1445 injuriam,

191 1447 445 1498 molestiam,
482 1448 728 1502 dampnum,
772 1448 1125 1503 impedimentum
1166 1449 1339 1504 aliquod
1370 1464 1443 1490 seu
1465 1464 1711 1504 gravamen.

193 1504 252 1545 Et
283 1504 316 1544 si
347 1505 451 1560 quid
482 1505 540 1547 eis
571 1505 831 1547 forisfactum
869 1506 1010 1556 fuerit,
1042 1507 1087 1547 id
1118 1507 1175 1548 eis
1211 1509 1301 1549 sine
1332 1507 1543 1548 dilacione
1584 1506 1712 1547 facite

193 1563 425 1604 emendari.
487 1563 541 1604 In
573 1564 691 1618 cujus
722 1563 783 1604 rei
824 1563 1113 1605 testimonium
1145 1565 1220 1605 has
1241 1565 1402 1606 litteras
1423 1564 1515 1605 fieri
1537 1564 1712 1605 fecimus

190 1627 399 1673 patentes,
441 1635 518 1676 per
557 1636 688 1662 unum
724 1636 883 1663 annum
923 1621 1160 1665 duraturas.
1243 1623 1376 1664 Teste
1397 1621 1578 1677 meipso
1599 1621 1714 1676 apud

193 1676 366 1718 Turrim
400 1678 761 1729 Londoniensem,
786 1679 954 1720 decimo
995 1679 1063 1721 die
1100 1680 1264 1731 Marcii,
1288 1695 1398 1722 anno
1429 1679 1549 1735 regni
1579 1678 1715 1721 nostri

190 1734 356 1776 decimo
378 1744 545 1778 octavo.
608 1736 694 1778 Per
713 1736 855 1792 ipsum
881 1736 1060 1792 Regem.

999 1846 1024 1862 ae

312 1977 417 2003 CVII.
451 1977 826 2005 INSTRUMENTUM
853 1979 999 2005 SUPER
1023 1979 1286 2007 OBLACIONE
1310 1980 1598 2008 SIGILLORUM

312 2033 483 2061 DOMINI
520 2034 747 2062 LODOWICI
786 2036 993 2063 EPISCOPI
1032 2037 1089 2063 AD
1121 2037 1373 2065 FERETRUM
1397 2038 1430 2068 S.
1457 2039 1598 2067 CUTH-

308 2090 464 2121 BERTI.

795 2170 908 2212 [Cart.
926 2170 956 2202 Ι.
968 2169 992 2204 f.
1014 2171 1105 2212 113]

255 2244 586 2285 Memorandum
606 2245 722 2301 quod
744 2245 785 2286 in
808 2245 991 2286 crastino
1023 2247 1067 2289 S.
1094 2246 1210 2287 Fidis
1232 2246 1405 2302 virginis
1431 2248 1483 2291 A.
1509 2248 1565 2289 D.
1589 2263 1712 2291 mccc

194 2301 408 2343 tricesimo
446 2304 593 2353 tercio,
635 2303 874 2344 Indictione
911 2304 1109 2353 secunda,
1148 2304 1347 2358 magister
1380 2305 1632 2360 Radulphus
1659 2307 1712 2349 de

198 2359 417 2410 Holbeck,
441 2375 577 2415 nuper
591 2361 840 2402 venerabilis
862 2361 992 2415 patris
1016 2361 1191 2401 Domini
1215 2362 1424 2403 Ludovici
1445 2363 1713 2405 Dunelmen·

197 2417 251 2458 sis
289 2417 503 2472 Episcopi,
527 2418 628 2459 dum
659 2418 780 2464 vixit,
807 2417 1108 2466 cancellarius,
1146 2418 1190 2458 in
1226 2419 1403 2460 ecclesia
1436 2420 1713 2462 Dunelmensi

194 2475 472 2528 personaliter
494 2475 759 2525 constitutuS,
795 2476 881 2516 duo
914 2476 1050 2530 sigilla
1085 2484 1290 2532 argentea
1320 2492 1416 2518 cum
1437 2478 1626 2519 cathenis
1648 2494 1713 2519 ar-

194 2531 374 2585 genteiS,
393 2533 543 2587 quibus
561 2533 698 2574 dictus
715 2533 912 2574 dominus
930 2533 1164 2588 Episcopus
1185 2549 1283 2575 usus
1304 2534 1456 2584 fuerat,
1473 2536 1572 2576 dum
1589 2536 1711 2585 vixit,

195 2589 350 2642 optulit
371 2589 528 2631 feretro
548 2590 692 2632 Sancti
716 2591 958 2640 Cuthberti,
978 2600 1105 2645 prout
1127 2591 1253 2632 moris
1275 2600 1338 2632 est
1359 2592 1412 2633 ab
1434 2592 1623 2649 antiquo,
1655 2616 1715 2624 —-

202 2645 312 2693 Quae
334 2646 506 2702 quidem
527 2647 664 2703 sigilla
694 2647 826 2691 fracta
858 2649 1029 2690 fuerunt
1064 2663 1142 2705 per
1162 2648 1402 2704 particulas,
1434 2658 1530 2705 post
1552 2650 1715 2692 obitum
