1807 2962
211 77 344 124 CCXlV
543 95 674 127 HIST.
706 96 935 129 DUNELM.
965 98 1266 131 SCRIPTORES
1290 100 1427 132 TRES.

333 409 548 437 CLXXXIX.
585 410 751 438 LITERA
785 413 915 441 MISSA
953 414 1320 443 ARCHIEPISCOPO
1360 415 1449 443 PRO
1485 416 1624 444 EREC-

332 467 471 494 CIONE
510 468 737 496 ECCLESIAE
780 471 837 498 DE
882 472 1249 501 HEMMYNGBURG
1285 473 1333 500 IN
1378 474 1625 502 COLLEGIA-

330 524 436 551 TAM.

759 615 863 660 [Reg.
881 615 924 648 ΙΙ.
944 617 1043 649 Parv.
1062 616 1119 650 fol.
1134 618 1206 658 34]

298 703 664 749 Reverendissime
689 709 818 750 Pater
854 719 895 751 et
920 710 1120 760 Domine,
1143 718 1298 751 vestrae
1320 710 1605 752 dominacioni
1626 725 1744 752 reve-

214 761 477 804 rendissimae
499 779 566 807 me
583 766 816 809 humillime
832 768 1146 818 recommendo,
1166 783 1260 809 cum
1279 768 1394 809 omni
1411 768 1745 823 promptitudine

217 818 423 875 obsequii,
446 824 701 865 reverenciae
732 833 776 866 et
806 824 1005 874 honoris3
1036 825 1199 879 gracias
1231 826 1385 867 divinae
1416 826 1659 866 clemenciae
1679 841 1747 867 re-

212 875 354 917 ferens
373 879 615 930 viscerosas,
632 897 727 938 quae
744 883 873 923 talem
887 883 1008 923 nobis
1025 883 1230 924 concessit
1246 883 1287 923 in
1304 892 1466 938 patrem
1484 883 1746 938 praecipuum

217 943 258 973 et
280 944 519 988 pastorem3
551 953 627 993 per
649 955 788 995 quem,
813 949 858 981 ut
881 940 1160 981 firmissimam
1189 955 1291 994 gero
1313 941 1459 990 fidem,
1484 941 1620 982 cultus
1641 941 1749 982 divi-

215 1004 294 1031 nus
331 995 558 1050 augebitur
586 1006 628 1037 et
663 997 946 1038 ecclesiastica
981 998 1152 1038 libertas
1188 998 1320 1038 illaesa
1356 999 1674 1039 conservabitur
1704 1008 1748 1039 et

216 1048 472 1105 indempnis.
538 1054 711 1103 Verum,
734 1054 1082 1095 reverendissime
1108 1056 1250 1105 Pater,
1275 1055 1373 1111 quia
1405 1056 1634 1097 confratres
1663 1056 1746 1097 mei

216 1115 260 1147 et
281 1122 363 1162 ego
389 1110 609 1152 ecclesiam
637 1112 921 1166 parochialem
944 1113 998 1153 de
1023 1113 1428 1169 Hemmyngburgh,
1454 1125 1604 1154 vestrae
1631 1114 1747 1154 Ebo-

214 1165 398 1207 racensis
421 1167 637 1209 dioceseos
660 1178 702 1210 et
724 1171 857 1210 nostri
890 1179 1151 1224 pat1·onatUS‚
1176 1180 1366 1225 tempore
1390 1171 1520 1226 Regis
1545 1171 1746 1212 Edwardi

216 1222 336 1262 tercii
372 1225 627 1267 auctoritate
663 1227 876 1268 ordinaria
914 1228 1040 1268 bonae
1081 1228 1298 1269 memoriae
1339 1229 1499 1270 domini
1539 1229 1746 1271 Johannis

217 1279 538 1337 Archiepiscopi
565 1284 858 1335 EboracensiS,
882 1286 1205 1339 praedecessoris
1221 1287 1362 1336 vestri,
1387 1287 1506 1328 nobis
1524 1295 1566 1328 et
1582 1301 1748 1327 monas-

213 1336 323 1377 terio
355 1349 499 1380 nostro
521 1342 836 1396 appropriatam
859 1352 902 1383 et
924 1358 1147 1393 annexam,
1171 1359 1268 1399 quae
1290 1354 1429 1385 tamen
1453 1344 1749 1399 appropriacio

215 1407 294 1447 pro
316 1404 418 1437 tunc
451 1398 624 1440 minime
661 1399 798 1441 fuerat
829 1409 1008 1442 executa
1039 1416 1115 1455 pro
1137 1417 1188 1442 eo
1209 1403 1324 1457 quod
1350 1402 1609 1451 Cardffiales,
1634 1411 1745 1452 ante,

214 1462 329 1502 tunc,
363 1462 406 1494 et
438 1465 547 1509 post,
579 1458 713 1512 ipsam
736 1458 953 1498 ecclesiam
976 1474 1028 1499 ex
1051 1458 1294 1513 provisione
1316 1459 1547 1513 apostolica
1568 1474 1746 1514 occupa-

214 1519 329 1560 runt,
363 1512 482 1566 cujus
518 1514 677 1555 fructus
715 1523 758 1556 et
795 1524 1021 1569 proventus
1059 1516 1112 1557 ad
1148 1517 1500 1558 sustentacionem
1536 1517 1747 1558 sufficiunt

213 1567 507 1621 plurimorum,
542 1587 567 1612 a
598 1572 669 1613 diu
701 1574 995 1627 proposuimus
1027 1582 1068 1614 et
1099 1574 1236 1614 adhuc
1257 1574 1532 1629 proponimus
1555 1574 1746 1616 dividere

214 1623 259 1664 in
296 1627 560 1679 praebendaS,
586 1630 639 1670 ad
673 1630 802 1671 instar
836 1631 1024 1672 ecclesiae
1057 1631 1292 1685 collegiatae
1315 1633 1368 1673 de
1394 1632 1622 1682 Houeden,
1641 1633 1751 1687 ejus-

215 1682 315 1723 dem
349 1694 504 1726 vestrae
547 1686 824 1729 Eboracensis
858 1688 1076 1729 dioceseos
1110 1698 1152 1730 et
1186 1689 1317 1730 nostri
1348 1698 1610 1744 patronatUS‚
1642 1691 1746 1731 dum

214 1751 359 1781 tamen
391 1754 546 1784 vestrae
577 1745 840 1799 paternitatis
862 1746 1174 1801 benignissimae
1196 1755 1239 1788 et
1266 1747 1458 1797 aliorum,
1483 1762 1662 1803 quorum
1684 1748 1748 1788 in-

215 1805 363 1849 terest,
399 1800 479 1841 hac
515 1811 632 1855 parte
669 1803 898 1845 auctoritas
936 1803 1187 1845 interveniat
1220 1815 1261 1846 et
1292 1820 1531 1855 consensus,
1565 1814 1746 1846 vestram

214 1857 612 1900 reverendissimam
649 1860 992 1901 dominacionem
1028 1862 1269 1902 affectuosis
1307 1862 1505 1903 duximus
1545 1863 1744 1917 precibus

216 1914 475 1954 exorandam
517 1917 714 1970 quatinus
755 1917 797 1957 in
832 1919 1092 1971 perficiendo
1127 1919 1366 1973 hujusmodi
1399 1928 1591 1960 nostrum
1626 1919 1743 1974 pium

216 1972 497 2023 propositum,
516 1973 613 2014 Deo
645 1982 688 2014 et
710 1974 951 2015 hominibus
973 1975 1191 2029 placabile,
1217 1985 1262 2017 ut
1284 1976 1509 2027 credimus,
1534 1985 1576 2018 et
1598 1992 1745 2032 accep-

218 2034 322 2075 tum,
359 2037 545 2069 vestrum
578 2031 935 2084 graciocissimum
967 2033 1189 2073 consilium
1217 2042 1258 2075 et
1289 2034 1494 2075 auxilium
1527 2035 1646 2076 nobis
1668 2036 1744 2076 im-

215 2083 362 2138 pertiri
391 2085 590 2140 dignetur
607 2089 756 2130 eadem
780 2097 917 2131 vestra
937 2090 1234 2144 benignissima
1250 2091 1490 2132 dominacio
1507 2092 1744 2146 pastoralis.

221 2141 363 2189 Quam
397 2143 451 2184 ad
487 2145 626 2199 gregis
660 2146 738 2187 sibi
767 2146 976 2187 commissi
998 2148 1164 2189 salubre
1186 2149 1376 2203 regimen
1399 2160 1441 2190 et
1462 2149 1679 2190 munimen
1701 2151 1744 2190 in

218 2198 361 2239 votiva
390 2204 671 2256 prosperitate
693 2204 872 2245 hominis
893 2205 1108 2261 utriusque
1130 2206 1202 2247 diu
1225 2216 1267 2247 et
1287 2206 1465 2247 feliciter
1486 2215 1682 2261 protegat
1706 2217 1747 2248 et

218 2268 441 2299 conservet
469 2259 670 2302 immensa
690 2262 855 2303 bonitas
877 2263 978 2304 Jesu
1005 2263 1174 2305 Christi.
1238 2263 1406 2320 Scripta
1430 2264 1645 2316 Dnnelmi,
1668 2269 1745 2306 xv⁰

218 2314 287 2355 die
309 2316 462 2358 mensis
486 2318 608 2370 Maii,
632 2334 742 2362 anno
767 2320 941 2362 Domini
964 2321 1186 2363 millesimo
1209 2327 1353 2364 ccccmo
1374 2326 1528 2367 xxww.
