1807 2962
208 95 423 146 cccxlviii
518 111 655 144 H1sT.
678 111 916 144 DUNELM.
945 111 1255 145 scmPTORES
1275 113 1416 147 TREs.

201 231 299 317 iwys'}
316 218 387 260 the
409 234 485 274 yer
506 220 556 261 of
577 219 706 275 Kyng
730 219 886 275 Hemy
902 218 972 260 the
993 219 1077 263 sixt
1100 219 1206 262 after
1228 221 1299 263 the
1322 228 1528 277 conquest
1549 220 1599 263 of
1619 221 1734 280 Eng-

217 289 269 316 an
321 290 480 320 xxxix.

312 542 480 572 CCL-XII.
512 543 810 573 DISPENSACIO
833 545 1008 572 THOMAE
1042 545 1282 573 PIKERYNG
1305 546 1363 573 AD
1386 546 1612 575 SACERDO-

725 603 842 631 CIUM
865 603 1222 632 SUSCIPIENDUM.

717 689 823 734 [Reg.
838 690 913 722 111.
928 690 1028 723 Parv.
1047 689 1104 723 fol.
1126 691 1215 734 ll5.]

260 783 481 826 Universis
517 792 675 825 sanctae
711 784 858 826 matris
898 784 1090 826 ecclesiae
1126 784 1235 833 filiis,
1271 783 1326 825 ad
1360 798 1465 840 quos
1501 794 1732 840 praesentes

192 841 330 883 literae
352 842 636 896 pervenerint,
659 842 890 892 Johannes,
913 841 1193 898 permissione-
1212 841 1371 883 Divina
1401 842 1523 883 Prior
1544 843 1733 884 ecclesiae

198 899 466 942 cathedralis
488 900 806 950 Dunelmensis,
839 901 1019 942 salutem
1056 901 1100 940 in
1139 899 1341 949 Domino,
1381 909 1423 940 et
1456 901 1585 941 fidem
1608 902 1728 943 indu-

193 957 308 999 biam
330 957 609 1013 praesentibus
631 958 847 1001 adhibere.
899 958 1064 998 Literas
1086 957 1334 998 sanctissimi
1352 956 1395 997 in
1416 957 1586 1000 Christo
1602 959 1735 1014 patris

196 1025 242 1057 et
277 1015 437 1056 domini
473 1015 633 1057 domini
675 1015 897 1064 Johannis,
932 1015 1074 1057 divina
1114 1014 1386 1069 providencia
1418 1014 1549 1071 Papae
1595 1031 1731 1068 xxm,

194 1088 328 1123 sanas,
353 1073 550 1126 integras,
589 1088 674 1113 non
696 1081 924 1127 suspectas,
964 1088 1040 1114 nec
1073 1073 1114 1113 in
1136 1072 1277 1129 aliquo
1307 1073 1490 1123 viciatas‚
1515 1073 1605 1128 ejus
1627 1090 1731 1117 vera

193 1131 310 1172 bulla
331 1130 530 1185 plumbea
552 1145 670 1172 more
695 1130 904 1172 Romanae
925 1130 1056 1172 curiae
1078 1131 1273 1180 bullatas,
1298 1139 1339 1172 et
1362 1132 1406 1172 in
1428 1131 1609 1173 archivis
1632 1147 1729 1174 nos-

192 1189 266 1230 tris
318 1188 428 1229 infra
478 1188 782 1229 monasterium
833 1197 1027 1230 nostrum
1091 1189 1382 1230 Dunelmense
1448 1200 1727 1242 remanentes,

192 1261 328 1302 nuper
349 1245 620 1301 inspeximUS,
640 1247 716 1288 sub
734 1262 787 1288 eo
808 1247 879 1303 qui
894 1248 1084 1303 sequitur
1102 1255 1248 1288 tenore
1270 1247 1511 1288 verborum.
1572 1248 1732 1290 Johan-

190 1320 265 1347 nes
287 1304 520 1360 episcopUS,
545 1319 690 1346 servus
711 1320 944 1355 servorum,
963 1311 1034 1349 etc.
1103 1304 1295 1352 Quarum
1317 1304 1487 1361 quidem
1511 1305 1729 1349 literarum

192 1362 451 1405 auctoritate
466 1377 562 1403 cum
581 1362 740 1404 dilecto
762 1363 973 1404 confratre
994 1374 1038 1404 et
1059 1363 1367 1404 commonacho
1389 1372 1533 1404 nostro
1555 1365 1730 1407 domino

192 1422 365 1464 Thoma
388 1421 620 1477 Pikeryng,
645 1421 839 1462 ordinem
875 1422 1011 1462 sancti
1049 1420 1271 1463 Benedicti
1301 1435 1499 1475 expresse
1520 1422 1728 1477 professo,

191 1480 284 1521 viro
305 1479 452 1535 utique
474 1479 653 1533 provido
676 1488 717 1521 et
739 1479 936 1529 honesto,
955 1494 1004 1520 ac
1037 1480 1092 1520 de
1128 1479 1319 1536 legitimo
1341 1480 1466 1520 thoro
1487 1491 1725 1534 procreato,

190 1537 429 1604 ceterisque
450 1537 654 1578 virtutum
678 1537 836 1579 meritis
869 1537 1158 1593 multipliciter
1178 1538 1536 1588 commendando,
1560 1554 1729 1581 necnon

191 1596 392 1639 vicesimo
408 1595 595 1636 secundo
618 1611 706 1637 suae
727 1596 864 1637 aetatis
882 1610 996 1637 anno
1018 1596 1185 1637 not01ie
1203 1596 1451 1644 constituto,
1470 1605 1515 1636 ut
1539 1597 1593 1638 ad
1614 1598 1731 1639 ordi,-

190 1671 289 1697 nern
312 1653 555 1703 sacerdocii,
580 1653 748 1695 statutis
765 1669 790 1695 a
804 1654 901 1709 jure
920 1654 1181 1708 temporibus
1198 1669 1276 1709 per
1292 1668 1600 1710 quemcumque
1618 1656 1728 1711 epis-

192 1727 346 1767 copum
370 1711 625 1753 catholicum
648 1711 759 1753 sedis
781 1712 1028 1767 apostolicae
1050 1711 1234 1767 graciam
1257 1722 1301 1753 et
1335 1713 1640 1754 execucionem
1663 1713 1728 1755 sui

191 1771 317 1815 officii
339 1770 622 1821 obtinentem,
661 1785 839 1827 suasque
863 1785 1000 1812 saelas
1023 1785 1070 1811 ac
1092 1769 1356 1812 venerabiles
1378 1785 1524 1811 manus
1547 1771 1658 1812 sibi
1649 1787 1727 1813 1m-

189 1843 348 1886 ponere
369 1828 596 1878 volentem,
621 1829 939 1879 conferendum,
978 1843 1022 1869 se
1054 1828 1193 1869 facere
1225 1828 1476 1882 promoveri,
1500 1837 1543 1870 et
1578 1828 1622 1869 in
1658 1845 1724 1883 eo,

187 1896 416 1944 postquam
437 1885 494 1926 sic
516 1895 737 1950 promotus
758 1886 899 1936 fuerit,
938 1885 1176 1927 ministrare
1211 1886 1343 1927 libere
1372 1896 1415 1928 et
1436 1886 1548 1928 licite
1569 1887 1723 1941 valeat,

189 1945 397 2007 praedicto
428 1943 554 1984 etatis
576 1958 664 1984 suae
687 1943 856 1985 defectu
894 1952 936 1985 et
976 1944 1313 1999 quibuscumque
1346 1944 1724 1988 constitucionibus

192 2000 466 2058 ApostoliciS,
490 2015 657 2041 necnon
679 2001 846 2042 statutis
878 2009 921 2042 et
950 2001 1344 2051 consuetudinibus,
1368 2001 1603 2058 ceterisque
1625 2019 1726 2045 con-

190 2060 343 2124 tramis,
367 2073 636 2114 nequaquam
672 2059 952 2110 obstantibus,
983 2059 1235 2100 auctoritate
1262 2059 1383 2100 nobis
1417 2075 1459 2100 1n
1491 2060 1571 2101 hac
1601 2072 1724 2117 parte

189 2117 417 2161 commissa
449 2125 597 2157 tenore
630 2117 908 2171 praesencium
945 2117 1247 2172 dispensamus.
1311 2117 1361 2158 In
1384 2118 1501 2172 cujus
1522 2120 1582 2160 rei
1605 2121 1725 2162 testi-

189 2175 382 2219 monium
418 2173 601 2229 sigillum
645 2184 837 2216 nostrum
878 2175 1156 2231 praesentibus
1194 2183 1258 2216 est
1293 2191 1542 2231 appensum.
1606 2178 1725 2221 Data

188 2233 408 2282 Dunehni,
440 2232 606 2275 decimo
641 2232 711 2275 die
752 2233 908 2275 mensis
935 2233 1102 2290 Aprilis,
1140 2248 1253 2275 anno
1290 2234 1467 2277 Domini
1499 2234 1723 2280 millesimo

188 2294 452 2336 ccchx1110.
