1807 2962
164 77 376 127 cclxxxii
469 93 603 127 Hlsr.
630 95 869 128 DUNELM.
896 95 1204 128 scmPTOREs
1231 95 1369 129 TnEs.

163 201 432 245 communiri.
494 201 658 244 Datum
680 210 723 244 et
744 212 886 245 actum
909 202 950 243 in
972 202 1150 245 ecclesia
1171 201 1305 244 sancti
1333 201 1534 253 O'swaldi,
1563 203 1692 260 juxta

165 258 443 312 Dunelmum,
468 259 669 302 vicesimo
700 261 836 315 plinio
858 260 927 302 die
950 262 1105 302 mensis
1128 259 1228 302 Julii
1249 260 1455 315 praedicti,
1479 261 1555 302 sub
1577 276 1692 303 anno

163 330 190 357 a
220 320 444 361 nativitate
468 318 660 369 Domini,
684 319 916 360 secundum
940 317 1307 373 computacionem
1330 318 1518 359 ecclesiae
1542 319 1693 373 Angli-

163 389 297 426 canae,
320 376 543 418 millesimo
578 381 737 417 ccccnno
773 376 1102 432 quadragesimo
1136 384 1271 426 sexto,
1296 375 1535 417 indiccione
1561 390 1689 427 nona,

161 433 433 487 pontificatus
455 433 705 476 sanctissimi
721 433 764 474 in
789 433 960 476 Christo
978 435 1108 489 patris
1131 442 1173 474 et
1194 433 1355 474 domini
1376 434 1509 474 nostri
1531 434 1692 476 domini

161 490 344 545 Eugenii
366 492 511 533 divina
542 491 816 546 providencia
854 492 985 547 Papae
1014 492 1154 547 quarti
1192 506 1306 532 anno
1342 500 1468 532 sexto
1500 491 1681 542 decimo,

160 549 443 603 praesentibus
475 549 635 591 ibidem
669 549 861 591 discretis
885 549 980 590 viris
1008 549 1233 590 Willielmo
1271 548 1420 590 Hoton
1449 549 1690 591 Justiciario

157 605 273 661 pacis
306 607 529 649 reverendi
560 607 691 662 patris
723 607 1027 650 Dunelmensis
1050 606 1255 663 Episcopi
1278 615 1320 647 et
1345 606 1501 648 Prioris
1524 608 1691 649 Dunel-

160 664 313 705 mensis
335 665 608 715 seneschallo,
628 665 812 706 dominis
831 665 1002 706 Thoma
1023 664 1193 715 Todde,
1213 664 1451 706 Willielmo
1475 665 1690 708 Barkdale

160 721 403 777 presbiteris
427 723 728 765 Dunelmensis
751 723 982 774 dioceseos,
1007 724 1187 764 testibus
1213 722 1267 763 ad
1289 738 1339 778 pl
1342 738 1506 764 aem1ssa
1527 723 1688 765 vocatis

158 780 399 835 specialiter
434 789 478 823 et
513 781 686 836 rogatis.
771 781 829 823 Et
862 795 945 836 ego
981 781 1198 823 Johannes
1237 780 1477 838 Berehalgh
1511 781 1687 823 clericus

159 837 465 881 Dunelmensis
487 838 704 880 dioceseos
735 839 931 895 publicus
959 840 1213 881 auctoritate
1235 839 1470 894 apostolica
1491 848 1534 881 et
1555 839 1688 895 impe-

156 895 269 937 ritali
291 896 492 947 notarius,
516 903 588 938 etc.

215 954 323 996 Item
363 955 615 1009 Radulphus
648 953 816 1010 Nevyle
854 954 1010 996 Comes
1041 953 1433 1004 Westmerlandiae‚
1466 953 1685 996 Johannes

158 1011 328 1069 Nevyle
360 1020 404 1054 et
426 1012 616 1054 Thomas
652 1011 818 1067 Nevyle
859 1011 1012 1053 fratres
1045 1011 1234 1065 ejusdem
1269 1012 1462 1062 Comitis,
1495 1013 1685 1055 Thomas

158 1069 355 1127 Lomley,
399 1070 630 1111 Willelmus
671 1069 801 1118 Eure,
827 1069 992 1119 milites,
1035 1070 1281 1111 VVillelmus
1305 1069 1499 1126 Lomley,
1529 1070 1685 1112 Willel-

152 1142 246 1168 mus
290 1127 463 1178 Hilton,
507 1127 724 1169 Robertus
768 1127 897 1177 Eure,
942 1127 1135 1183 Rogerus
1178 1128 1420 1178 Thornton,
1467 1128 1683 1170 Robertus

156 1186 355 1236 Claxton,
397 1185 637 1227 Willelmus
667 1185 817 1226 Hoton
840 1184 1169 1235 deHardwike,
1199 1185 1427 1227 Willelmus
1455 1186 1606 1227 Hoton
1629 1187 1683 1229 de

153 1243 386 1295 Hunwike,
409 1244 625 1285 Johannes
653 1243 784 1299 Sayre
805 1253 848 1284 et
870 1243 1098 1285 Willelmus
1120 1244 1321 1294 Mordon,
1341 1243 1550 1298 armigeri,
1576 1245 1685 1286 Om-

150 1302 274 1344 nibus
308 1303 362 1344 ad
393 1317 499 1358 quos
521 1316 707 1357 praesens
732 1302 934 1356 scriptum
956 1302 1210 1356 pervenerit,
1234 1310 1277 1343 et
1299 1302 1534 1357 praesertim
1558 1317 1684 1345 vene-

149 1360 274 1402 rabili
308 1360 418 1416 patri
453 1359 590 1402 Priori
612 1369 655 1402 et
681 1360 810 1402 coetui
832 1359 1068 1401 reverendo
1090 1360 1395 1401 monachorum
1419 1360 1682 1402 Dunelmen-

150 1419 270 1469 sium‚
288 1419 469 1484 salutem
491 1418 533 1459 in
557 1417 762 1461 Domino.
814 1417 937 1458 Licet
957 1418 1198 1459 execrabile
1212 1427 1254 1459 et
1270 1417 1528 1460 horrendum
1547 1419 1682 1460 scelus

149 1478 322 1518 invidiae
356 1476 400 1517 in
433 1476 637 1518 dilectum
666 1484 857 1517 nostrum
880 1475 1123 1517 Johannem
1146 1476 1218 1518 Oll
1239 1476 1492 1518 monachum
1517 1477 1682 1518 Dunel-

148 1550 339 1577 mensem
371 1534 642 1576 audientibus
674 1548 858 1576 errorem
877 1533 1097 1590 ingesserit
1118 1533 1270 1591 linguis
1291 1534 1540 1589 selpentinis
1563 1550 1680 1576 emu-

144 1593 285 1635 lorum
315 1592 457 1648 ipsiuS,
489 1592 615 1634 famae
636 1607 724 1633 suae
746 1600 790 1633 et
810 1591 961 1633 honori
982 1569 1273 1647 multipliciter
1293 1593 1573 1643 detrahendo,
1597 1593 1681 1634 fer-

148 1662 219 1693 tur
249 1651 375 1702 enim,
399 1659 447 1692 ut
477 1665 613 1705 nuper
633 1650 688 1692 ad
709 1659 905 1691 nostrum
927 1664 1027 1705 perv
1031 1650 1119 1692 enit
1139 1650 1345 1700 auditum,
1369 1651 1482 1707 quod
1506 1650 1679 1716 quidam

146 1710 272 1751 famae
289 1725 376 1751 suae
398 1708 580 1765 prodigi,
603 1708 854 1773 propriique
873 1717 1165 1774 persecutores
1188 1707 1372 1758 honoris,
1397 1708 1483 1750 odii
1506 1718 1549 1750 et
1569 1708 1678 1750 invi-

149 1768 232 1808 diae
268 1768 418 1823 spiritu
454 1766 668 1817 concitati,
692 1782 791 1807 eum
825 1765 892 1807 siti
927 1765 1171 1807 ambicionis
1194 1766 1468 1822 spiritualiter
1489 1781 1678 1821 pereme-

146 1833 246 1866 runt
266 1834 310 1867 et
330 1833 378 1866 ut
399 1832 596 1878 potenter
617 1824 890 1865 ostenderent
911 1838 955 1865 se
977 1823 1019 1864 in
1042 1824 1248 1865 malorum
1266 1824 1484 1866 devenisse
1507 1825 1679 1880 profun-

147 1883 263 1933 dum,
299 1882 440 1924 Deum
464 1891 507 1924 et
523 1882 714 1923 homines
735 1890 1099 1946 contempnenteS,
1124 1882 1178 1922 de
1200 1882 1283 1922 suis
1304 1882 1478 1923 maliciis
1498 1883 1676 1939 gloriam

147 1941 347 2006 quaesisse
379 1940 576 1981 videntur
607 1948 648 1980 et
681 1939 722 1979 in
745 1939 870 1980 rebus
890 1939 1079 1994 pessimis
1101 1940 1316 1981 exultasse
1337 1954 1469 1991 suam,
1493 1955 1676 1997 namque

143 1998 286 2041 conati
314 2006 411 2039 sunt
447 2012 531 2038 non
566 1997 757 2038 ocultare
784 1996 858 2037 sed
893 1996 1039 2051 pocius
1062 2005 1275 2038 ostentaie
1294 1996 1509 2048 invidiam,
1533 1999 1675 2054 palam

143 2056 406 2112 publicantes
428 2053 667 2096 hominibus
699 2054 899 2111 gravibus
920 2065 963 2095 et
985 2054 1184 2105 honestis,
1207 2055 1376 2111 letrulal
1378 2056 1471 2096 1bus
1493 2066 1536 2098 et
1555 2071 1676 2098 secu-

137 2114 310 2164 Iambus,
326 2114 548 2155 dominum
569 2113 810 2154 Johannem
834 2111 907 2153 Oll
925 2121 1207 2153 memoratum
1229 2128 1283 2154 ex
1304 2112 1431 2167 ipsius
1454 2113 1675 2157 nativitate

135 2175 243 2230 jugo
276 2171 488 2213 servitutis
524 2170 754 2220 addictum,
793 2185 918 2226 quem
941 2170 1094 2211 scimus
1116 2179 1160 2211 et
1182 2179 1386 2212 testamur
1406 2186 1431 2213 a
1452 2172 1674 2215 nativitate

139 2232 321 2274 liberum
354 2239 396 2271 et
425 2228 655 2283 ingenuum
678 2228 786 2269 infra
808 2228 1035 2269 Baroniam
1057 2228 1110 2270 de
1137 2229 1432 2284 Brauncepath
1454 2244 1480 2270 a
1501 2230 1673 2271 valectis

138 2288 447 2332 valencioribus
483 2301 605 2327 suum
639 2285 866 2327 habentem
903 2285 1122 2351 originem,
1162 2295 1205 2327 et
1236 2287 1290 2327 ab
1323 2287 1437 2328 omni
1458 2289 1670 2329 selvitutis

131 2348 239 2403 jugo
261 2346 518 2393 immunem3
542 2345 610 2385 cui
632 2344 766 2386 eciam
788 2345 831 2384 in
852 2343 1076 2398 praemissis
1098 2344 1310 2385 laudabile
1333 2359 1420 2385 non
1439 2359 1670 2399 paucorum

138 2407 393 2458 suffragatur
426 2401 729 2444 testimonium.
811 2401 1098 2449 Quamobrem
1138 2412 1320 2443 vestiam
1354 2402 1669 2445 universitatem

137 2465 369 2505 affectuose
402 2459 652 2525 requirimus
686 2468 729 2502 et
761 2474 974 2514 logamuS,
1013 2467 1235 2515 quatenus,
1271 2460 1387 2501 omni
1422 2460 1668 2515 suspicionis

134 2522 314 2562 sinistlae
351 2519 472 2560 obice
508 2518 670 2559 eminus
706 2517 947 2574 pr'osuoam,
982 2517 1165 2559 eundem
1187 2518 1405 2558 dominum
1427 2518 1667 2561 Johannem

142 2579 212 2621 Oll
238 2579 419 2619 liberum
445 2584 489 2617 et
511 2575 741 2632 ingenuum
763 2590 868 2624 esse,
892 2575 1094 2631 nulloque
1116 2575 1327 2617 servitutis
1343 2578 1450 2631 jugo
1472 2576 1539 2617 vel
1561 2577 1667 2618 bon-

135 2637 249 2693 dagii
268 2635 501 2676 obnoxium
523 2648 748 2698 umcquam
770 2633 912 2683 fuisse,
934 2634 1120 2687 reputaii
1143 2642 1186 2674 et
1207 2633 1412 2674 declaiari
1434 2633 1666 2690 dignemini

134 2694 289 2734 intuitu
322 2692 521 2741 calitatis,
544 2706 640 2747 quae
661 2706 809 2741 eclam,
833 2691 887 2731 ad
910 2691 1141 2745 condignos
1163 2692 1403 2732 suael·1udis
1426 2669 1569 2732 titulos
1591 2707 1666 2734 ex-

131 2752 337 2800 altandos,
356 2749 553 2792 omuibus
580 2748 739 2791 Clnisti
763 2749 960 2791 fidelibus
984 2762 1038 2791 ex
1036 2724 1450 2791 ³³·sube1habundanti
1472 2749 1664 2793 declaia-
