<?xml version="1.0" encoding="UTF-8"?>
<!DOCTYPE html PUBLIC "-//W3C//DTD XHTML 1.0 Transitional//EN"
    "http://www.w3.org/TR/xhtml1/DTD/xhtml1-transitional.dtd">
<html xmlns="http://www.w3.org/1999/xhtml" xml:lang="en" lang="en">
 <head>
  <title>
</title>
<meta http-equiv="Content-Type" content="text/html;charset=utf-8" />
  <meta name='ocr-system' content='tesseract 3.04.00' />
  <meta name='ocr-capabilities' content='ocr_page ocr_carea ocr_par ocr_line ocrx_word'/>
</head>
<body>
  <div class='ocr_page' id='page_1' title='image "./historiaedunelme00gauf_0463.png"; bbox 0 0 1807 2962; ppageno 0'>
   <div class='ocr_carea' id='block_1_1' title="bbox 385 95 1580 143">
    <p class='ocr_par' dir='ltr' id='par_1_1' title="bbox 385 95 1580 143">
     <span class='ocr_line' id='line_1_1' title="bbox 385 95 1580 143; baseline 0.003 -5"><span class='ocrx_word' id='word_1_1' title='bbox 385 107 662 141; x_wconf 75' lang='lat' dir='ltr'><strong>APPENDIX.</strong></span> <span class='ocrx_word' id='word_1_2' title='bbox 694 106 812 138; x_wconf 84' lang='lat' dir='ltr'>ANN.</span> <span class='ocrx_word' id='word_1_3' title='bbox 842 107 1240 139; x_wconf 73' lang='lat' dir='ltr'>mccccxxxvm.</span> <span class='ocrx_word' id='word_1_4' title='bbox 1458 95 1580 143; x_wconf 88' lang='lat' dir='ltr'>ccliii</span> 
     </span>
    </p>
   </div>
   <div class='ocr_carea' id='block_1_2' title="bbox 54 214 1585 504">
    <p class='ocr_par' dir='ltr' id='par_1_2' title="bbox 54 214 1585 504">
     <span class='ocr_line' id='line_1_2' title="bbox 54 214 1582 273; baseline 0 -14"><span class='ocrx_word' id='word_1_5' title='bbox 54 217 246 273; x_wconf 73' lang='lat' dir='ltr'>ejusdem</span> <span class='ocrx_word' id='word_1_6' title='bbox 268 215 363 267; x_wconf 89' lang='lat' dir='ltr'>loci,</span> <span class='ocrx_word' id='word_1_7' title='bbox 388 216 474 272; x_wconf 83' lang='lat' dir='ltr'>qui,</span> <span class='ocrx_word' id='word_1_8' title='bbox 502 216 599 257; x_wconf 83' lang='lat' dir='ltr'>Deo</span> <span class='ocrx_word' id='word_1_9' title='bbox 632 215 829 265; x_wconf 78' lang='lat' dir='ltr'>devotus,</span> <span class='ocrx_word' id='word_1_10' title='bbox 853 214 1044 256; x_wconf 84' lang='lat' dir='ltr'>ecclesiae</span> <span class='ocrx_word' id='word_1_11' title='bbox 1076 215 1350 265; x_wconf 81' lang='lat' dir='ltr'>necessarius,</span> <span class='ocrx_word' id='word_1_12' title='bbox 1375 215 1582 273; x_wconf 84' lang='lat' dir='ltr'><strong>nobisque</strong></span> 
     </span>
     <span class='ocr_line' id='line_1_3' title="bbox 55 273 1583 330; baseline -0.001 -14"><span class='ocrx_word' id='word_1_13' title='bbox 55 286 98 317; x_wconf 88' lang='lat' dir='ltr'>et</span> <span class='ocrx_word' id='word_1_14' title='bbox 130 290 266 330; x_wconf 84' lang='lat' dir='ltr'>regno</span> <span class='ocrx_word' id='word_1_15' title='bbox 297 284 442 315; x_wconf 89' lang='lat' dir='ltr'>nostro</span> <span class='ocrx_word' id='word_1_16' title='bbox 479 274 590 315; x_wconf 86' lang='lat' dir='ltr'>utilis</span> <span class='ocrx_word' id='word_1_17' title='bbox 621 283 663 315; x_wconf 91' lang='lat' dir='ltr'>et</span> <span class='ocrx_word' id='word_1_18' title='bbox 688 273 825 313; x_wconf 87' lang='lat' dir='ltr'>fidelis</span> <span class='ocrx_word' id='word_1_19' title='bbox 860 273 1030 316; x_wconf 78' lang='lat' dir='ltr'>existat.</span> <span class='ocrx_word' id='word_1_20' title='bbox 1095 273 1146 314; x_wconf 93' lang='lat' dir='ltr'>In</span> <span class='ocrx_word' id='word_1_21' title='bbox 1169 275 1287 329; x_wconf 87' lang='lat' dir='ltr'>cujus</span> <span class='ocrx_word' id='word_1_22' title='bbox 1309 273 1371 314; x_wconf 89' lang='lat' dir='ltr'>rei</span> <span class='ocrx_word' id='word_1_23' title='bbox 1392 276 1583 315; x_wconf 82' lang='lat' dir='ltr'>testimo-</span> 
     </span>
     <span class='ocr_line' id='line_1_4' title="bbox 55 330 1580 387; baseline -0.001 -13"><span class='ocrx_word' id='word_1_24' title='bbox 55 333 187 383; x_wconf 91' lang='lat' dir='ltr'>nium,</span> <span class='ocrx_word' id='word_1_25' title='bbox 211 333 284 374; x_wconf 83' lang='lat' dir='ltr'>has</span> <span class='ocrx_word' id='word_1_26' title='bbox 306 332 447 373; x_wconf 80' lang='lat' dir='ltr'>literas</span> <span class='ocrx_word' id='word_1_27' title='bbox 470 341 635 373; x_wconf 85' lang='lat' dir='ltr'>nostras</span> <span class='ocrx_word' id='word_1_28' title='bbox 658 331 748 371; x_wconf 87' lang='lat' dir='ltr'>fieri</span> <span class='ocrx_word' id='word_1_29' title='bbox 771 330 945 372; x_wconf 83' lang='lat' dir='ltr'><strong>fecimus</strong></span> <span class='ocrx_word' id='word_1_30' title='bbox 963 339 1171 385; x_wconf 83' lang='lat' dir='ltr'>patenteS.</span> <span class='ocrx_word' id='word_1_31' title='bbox 1235 331 1369 373; x_wconf 84' lang='lat' dir='ltr'>Teste</span> <span class='ocrx_word' id='word_1_32' title='bbox 1385 346 1452 372; x_wconf 89' lang='lat' dir='ltr'>me</span> <span class='ocrx_word' id='word_1_33' title='bbox 1475 332 1580 387; x_wconf 90' lang='lat' dir='ltr'>ipso,</span> 
     </span>
     <span class='ocr_line' id='line_1_5' title="bbox 57 388 1584 444; baseline -0.001 -12"><span class='ocrx_word' id='word_1_34' title='bbox 57 392 100 432; x_wconf 88' lang='lat' dir='ltr'>in</span> <span class='ocrx_word' id='word_1_35' title='bbox 124 390 309 432; x_wconf 81' lang='lat' dir='ltr'>manerio</span> <span class='ocrx_word' id='word_1_36' title='bbox 326 400 471 430; x_wconf 88' lang='lat' dir='ltr'>nostro</span> <span class='ocrx_word' id='word_1_37' title='bbox 493 390 546 431; x_wconf 90' lang='lat' dir='ltr'>de</span> <span class='ocrx_word' id='word_1_38' title='bbox 571 389 758 438; x_wconf 84' lang='lat' dir='ltr'>Eltham,</span> <span class='ocrx_word' id='word_1_39' title='bbox 784 403 927 429; x_wconf 75' lang='lat' dir='ltr'>xxvin</span> <span class='ocrx_word' id='word_1_40' title='bbox 951 388 1019 430; x_wconf 91' lang='lat' dir='ltr'>die</span> <span class='ocrx_word' id='word_1_41' title='bbox 1042 389 1309 439; x_wconf 84' lang='lat' dir='ltr'>Decembris,</span> <span class='ocrx_word' id='word_1_42' title='bbox 1333 404 1444 431; x_wconf 84' lang='lat' dir='ltr'>anno</span> <span class='ocrx_word' id='word_1_43' title='bbox 1465 392 1584 444; x_wconf 86' lang='lat' dir='ltr'>regni</span> 
     </span>
     <span class='ocr_line' id='line_1_6' title="bbox 58 446 1585 504; baseline -0.001 -14"><span class='ocrx_word' id='word_1_44' title='bbox 58 449 189 490; x_wconf 84' lang='lat' dir='ltr'>nostri</span> <span class='ocrx_word' id='word_1_45' title='bbox 225 458 347 490; x_wconf 80' lang='lat' dir='ltr'>sexto</span> <span class='ocrx_word' id='word_1_46' title='bbox 380 448 561 489; x_wconf 88' lang='lat' dir='ltr'>decimo.</span> <span class='ocrx_word' id='word_1_47' title='bbox 627 447 711 489; x_wconf 84' lang='lat' dir='ltr'>Per</span> <span class='ocrx_word' id='word_1_48' title='bbox 747 447 874 489; x_wconf 83' lang='lat' dir='ltr'>breve</span> <span class='ocrx_word' id='word_1_49' title='bbox 915 446 968 489; x_wconf 89' lang='lat' dir='ltr'>de</span> <span class='ocrx_word' id='word_1_50' title='bbox 1002 446 1168 502; x_wconf 84' lang='lat' dir='ltr'>privato</span> <span class='ocrx_word' id='word_1_51' title='bbox 1209 447 1360 502; x_wconf 82' lang='lat' dir='ltr'>sigillo.</span> <span class='ocrx_word' id='word_1_52' title='bbox 1444 447 1585 504; x_wconf 88' lang='lat' dir='ltr'>Wym-</span> 
     </span>
    </p>
   </div>
   <div class='ocr_carea' id='block_1_3' title="bbox 57 507 228 564">
    <p class='ocr_par' dir='ltr' id='par_1_3' title="bbox 57 507 228 564">
     <span class='ocr_line' id='line_1_7' title="bbox 57 507 228 564; baseline 0 -16"><span class='ocrx_word' id='word_1_53' title='bbox 57 507 210 564; x_wconf 74' lang='lat' dir='ltr'>byssch</span> <span class='ocrx_word' id='word_1_54' title='bbox 220 541 228 549; x_wconf 94' lang='lat'><strong><em>.</em></strong></span> 
     </span>
    </p>
   </div>
   <div class='ocr_carea' id='block_1_4' title="bbox 572 645 1114 657">
    <p class='ocr_par' dir='ltr' id='par_1_4' title="bbox 572 645 1114 657">
     <span class='ocr_line' id='line_1_8' title="bbox 572 645 1114 657; baseline 0 0"><span class='ocrx_word' id='word_1_55' title='bbox 572 645 1114 657; x_wconf 95' lang='lat' dir='ltr'> </span> 
     </span>
    </p>
   </div>
   <div class='ocr_carea' id='block_1_5' title="bbox 174 767 1471 974">
    <p class='ocr_par' dir='ltr' id='par_1_5' title="bbox 174 767 1471 974">
     <span class='ocr_line' id='line_1_9' title="bbox 174 767 1471 799; baseline 0.004 -5"><span class='ocrx_word' id='word_1_56' title='bbox 174 768 300 795; x_wconf 86' lang='lat' dir='ltr'>CCXV.</span> <span class='ocrx_word' id='word_1_57' title='bbox 340 767 612 794; x_wconf 78' lang='lat' dir='ltr'>INDENTURA</span> <span class='ocrx_word' id='word_1_58' title='bbox 644 767 790 795; x_wconf 88' lang='lat' dir='ltr'><strong>SUPER</strong></span> <span class='ocrx_word' id='word_1_59' title='bbox 823 768 1204 796; x_wconf 82' lang='lat' dir='ltr'><strong>DELIBERACIONE</strong></span> <span class='ocrx_word' id='word_1_60' title='bbox 1238 769 1471 799; x_wconf 80' lang='lat' dir='ltr'>BONORUM</span> 
     </span>
     <span class='ocr_line' id='line_1_10' title="bbox 176 826 1471 858; baseline 0.003 -5"><span class='ocrx_word' id='word_1_61' title='bbox 176 826 337 853; x_wconf 82' lang='lat' dir='ltr'>PRIORI</span> <span class='ocrx_word' id='word_1_62' title='bbox 362 826 418 853; x_wconf 84' lang='grc' dir='ltr'>ΕΤ</span> <span class='ocrx_word' id='word_1_63' title='bbox 438 826 664 853; x_wconf 86' lang='lat' dir='ltr'><strong>CAPITULO</strong></span> <span class='ocrx_word' id='word_1_64' title='bbox 683 826 985 854; x_wconf 87' lang='lat' dir='ltr'><strong>DUNELMENSI</strong></span> <span class='ocrx_word' id='word_1_65' title='bbox 1005 827 1290 855; x_wconf 87' lang='lat' dir='ltr'><strong>LEGATORUM</strong></span> <span class='ocrx_word' id='word_1_66' title='bbox 1309 829 1471 858; x_wconf 81' lang='lat' dir='ltr'><strong>PRIORI</strong></span> 
     </span>
     <span class='ocr_line' id='line_1_11' title="bbox 174 884 1470 917; baseline 0.004 -6"><span class='ocrx_word' id='word_1_67' title='bbox 174 885 230 912; x_wconf 82' lang='lat' dir='ltr'>ET</span> <span class='ocrx_word' id='word_1_68' title='bbox 253 884 480 912; x_wconf 84' lang='lat' dir='ltr'>CAPITULO</span> <span class='ocrx_word' id='word_1_69' title='bbox 506 884 806 912; x_wconf 89' lang='lat' dir='ltr'>DUNELMENSI</span> <span class='ocrx_word' id='word_1_70' title='bbox 831 885 1072 913; x_wconf 85' lang='lat' dir='ltr'><strong>PREDICTIS</strong></span> <span class='ocrx_word' id='word_1_71' title='bbox 1095 885 1144 913; x_wconf 91' lang='lat' dir='ltr'>IN</span> <span class='ocrx_word' id='word_1_72' title='bbox 1166 885 1470 917; x_wconf 68' lang='lat' dir='ltr'>TESTAMENTO</span> 
     </span>
     <span class='ocr_line' id='line_1_12' title="bbox 177 942 1366 974; baseline 0.003 -5"><span class='ocrx_word' id='word_1_73' title='bbox 177 943 350 970; x_wconf 81' lang='lat' dir='ltr'>THOMAE</span> <span class='ocrx_word' id='word_1_74' title='bbox 373 942 588 970; x_wconf 82' lang='lat' dir='ltr'>LONGLEY</span> <span class='ocrx_word' id='word_1_75' title='bbox 610 943 769 970; x_wconf 82' lang='lat' dir='ltr'>NUPER.</span> <span class='ocrx_word' id='word_1_76' title='bbox 793 944 1000 971; x_wconf 88' lang='lat' dir='ltr'>EPISCOPI</span> <span class='ocrx_word' id='word_1_77' title='bbox 1024 944 1366 974; x_wconf 84' lang='lat' dir='ltr'><strong>DUNELMENSIS.</strong></span> 
     </span>
    </p>
   </div>
   <div class='ocr_carea' id='block_1_6' title="bbox 650 1021 1006 1066">
    <p class='ocr_par' dir='ltr' id='par_1_6' title="bbox 650 1021 1006 1066">
     <span class='ocr_line' id='line_1_13' title="bbox 650 1021 1006 1066; baseline 0 -12"><span class='ocrx_word' id='word_1_78' title='bbox 650 1022 755 1066; x_wconf 72' lang='lat' dir='ltr'>[aeg.</span> <span class='ocrx_word' id='word_1_79' title='bbox 778 1022 852 1054; x_wconf 81' lang='lat'>111.</span> <span class='ocrx_word' id='word_1_80' title='bbox 867 1021 890 1054; x_wconf 90' lang='lat' dir='ltr'>f.</span> <span class='ocrx_word' id='word_1_81' title='bbox 911 1026 1006 1066; x_wconf 57' lang='grc' dir='ltr'>Μ]</span> 
     </span>
    </p>
   </div>
   <div class='ocr_carea' id='block_1_7' title="bbox 60 1098 1603 2847">
    <p class='ocr_par' dir='ltr' id='par_1_7' title="bbox 60 1098 1603 2847">
     <span class='ocr_line' id='line_1_14' title="bbox 121 1098 1588 1155; baseline 0.005 -16"><span class='ocrx_word' id='word_1_82' title='bbox 121 1098 235 1140; x_wconf 83' lang='lat' dir='ltr'>Haec</span> <span class='ocrx_word' id='word_1_83' title='bbox 259 1098 494 1148; x_wconf 85' lang='lat' dir='ltr'>indentura,</span> <span class='ocrx_word' id='word_1_84' title='bbox 516 1099 627 1140; x_wconf 83' lang='lat' dir='ltr'>facta</span> <span class='ocrx_word' id='word_1_85' title='bbox 649 1098 761 1153; x_wconf 84' lang='lat' dir='ltr'>apud</span> <span class='ocrx_word' id='word_1_86' title='bbox 789 1098 987 1140; x_wconf 84' lang='lat' dir='ltr'>Aukland</span> <span class='ocrx_word' id='word_1_87' title='bbox 1006 1100 1047 1140; x_wconf 90' lang='lat' dir='ltr'>in</span> <span class='ocrx_word' id='word_1_88' title='bbox 1067 1100 1270 1142; x_wconf 84' lang='lat' dir='ltr'>comitatu</span> <span class='ocrx_word' id='word_1_89' title='bbox 1293 1101 1588 1155; x_wconf 82' lang='lat' dir='ltr'>Dunelmensi,</span> 
     </span>
     <span class='ocr_line' id='line_1_15' title="bbox 60 1156 1592 1218; baseline 0.001 -22"><span class='ocrx_word' id='word_1_90' title='bbox 60 1156 227 1198; x_wconf 84' lang='lat' dir='ltr'>decimo</span> <span class='ocrx_word' id='word_1_91' title='bbox 250 1158 430 1211; x_wconf 88' lang='lat' dir='ltr'>septimo</span> <span class='ocrx_word' id='word_1_92' title='bbox 453 1156 521 1197; x_wconf 87' lang='lat' dir='ltr'>die</span> <span class='ocrx_word' id='word_1_93' title='bbox 543 1157 695 1198; x_wconf 85' lang='lat' dir='ltr'>mensis</span> <span class='ocrx_word' id='word_1_94' title='bbox 719 1156 886 1207; x_wconf 83' lang='lat' dir='ltr'>Marcii,</span> <span class='ocrx_word' id='word_1_95' title='bbox 906 1172 1016 1198; x_wconf 85' lang='lat' dir='ltr'>anno</span> <span class='ocrx_word' id='word_1_96' title='bbox 1033 1158 1207 1199; x_wconf 86' lang='lat' dir='ltr'>Domini</span> <span class='ocrx_word' id='word_1_97' title='bbox 1223 1160 1444 1202; x_wconf 86' lang='lat' dir='ltr'>millesimo</span> <span class='ocrx_word' id='word_1_98' title='bbox 1458 1165 1592 1218; x_wconf 86' lang='lat' dir='ltr'>quad-</span> 
     </span>
     <span class='ocr_line' id='line_1_16' title="bbox 61 1214 1590 1272; baseline 0.005 -17"><span class='ocrx_word' id='word_1_99' title='bbox 61 1215 364 1269; x_wconf 82' lang='lat' dir='ltr'>ringentesimo</span> <span class='ocrx_word' id='word_1_100' title='bbox 399 1215 612 1255; x_wconf 87' lang='lat' dir='ltr'>tricesimo</span> <span class='ocrx_word' id='word_1_101' title='bbox 646 1214 842 1270; x_wconf 77' lang='lat' dir='ltr'>septimo,</span> <span class='ocrx_word' id='word_1_102' title='bbox 880 1223 1072 1266; x_wconf 81' lang='lat' dir='ltr'>testatur,</span> <span class='ocrx_word' id='word_1_103' title='bbox 1112 1217 1228 1272; x_wconf 89' lang='lat' dir='ltr'>quod</span> <span class='ocrx_word' id='word_1_104' title='bbox 1266 1221 1514 1262; x_wconf 84' lang='lat' dir='ltr'>venerabilis</span> <span class='ocrx_word' id='word_1_105' title='bbox 1549 1222 1590 1263; x_wconf 88' lang='lat' dir='ltr'>in</span> 
     </span>
     <span class='ocr_line' id='line_1_17' title="bbox 66 1273 1589 1329; baseline 0.004 -15"><span class='ocrx_word' id='word_1_106' title='bbox 66 1273 238 1314; x_wconf 86' lang='lat' dir='ltr'>Christo</span> <span class='ocrx_word' id='word_1_107' title='bbox 257 1283 377 1327; x_wconf 87' lang='lat' dir='ltr'>pater</span> <span class='ocrx_word' id='word_1_108' title='bbox 397 1273 615 1314; x_wconf 81' lang='lat' dir='ltr'>Johannes</span> <span class='ocrx_word' id='word_1_109' title='bbox 644 1273 935 1329; x_wconf 80' lang='lat' dir='ltr'>Wessyngton</span> <span class='ocrx_word' id='word_1_110' title='bbox 963 1273 1088 1315; x_wconf 82' lang='lat' dir='ltr'>Prior</span> <span class='ocrx_word' id='word_1_111' title='bbox 1109 1275 1298 1316; x_wconf 77' lang='lat' dir='ltr'>eeclesiae</span> <span class='ocrx_word' id='word_1_112' title='bbox 1323 1277 1589 1321; x_wconf 84' lang='lat' dir='ltr'>Cathedralis</span> 
     </span>
     <span class='ocr_line' id='line_1_18' title="bbox 65 1331 1591 1388; baseline 0.005 -16"><span class='ocrx_word' id='word_1_113' title='bbox 65 1331 370 1372; x_wconf 86' lang='lat' dir='ltr'>Dunelmensis</span> <span class='ocrx_word' id='word_1_114' title='bbox 393 1341 435 1372; x_wconf 89' lang='lat' dir='ltr'>et</span> <span class='ocrx_word' id='word_1_115' title='bbox 468 1331 699 1386; x_wconf 83' lang='lat' dir='ltr'>capitulum</span> <span class='ocrx_word' id='word_1_116' title='bbox 722 1331 913 1386; x_wconf 81' lang='lat' dir='ltr'>ejusdem</span> <span class='ocrx_word' id='word_1_117' title='bbox 949 1332 1150 1383; x_wconf 86' lang='lat' dir='ltr'>ecclesiae,</span> <span class='ocrx_word' id='word_1_118' title='bbox 1184 1348 1260 1388; x_wconf 88' lang='lat' dir='ltr'>per</span> <span class='ocrx_word' id='word_1_119' title='bbox 1281 1349 1428 1376; x_wconf 85' lang='lat' dir='ltr'>manus</span> <span class='ocrx_word' id='word_1_120' title='bbox 1450 1337 1591 1379; x_wconf 86' lang='lat' dir='ltr'>fratris</span> 
     </span>
     <span class='ocr_line' id='line_1_19' title="bbox 68 1389 1593 1447; baseline 0.005 -18"><span class='ocrx_word' id='word_1_121' title='bbox 68 1389 240 1430; x_wconf 85' lang='lat' dir='ltr'>Ricardi</span> <span class='ocrx_word' id='word_1_122' title='bbox 264 1389 507 1430; x_wconf 84' lang='lat' dir='ltr'>Blakeburn</span> <span class='ocrx_word' id='word_1_123' title='bbox 530 1389 723 1430; x_wconf 85' lang='lat' dir='ltr'>monachi</span> <span class='ocrx_word' id='word_1_124' title='bbox 746 1390 933 1443; x_wconf 84' lang='lat' dir='ltr'>ejusdem</span> <span class='ocrx_word' id='word_1_125' title='bbox 957 1389 1160 1440; x_wconf 73' lang='lat' dir='ltr'>ecclesiae,</span> <span class='ocrx_word' id='word_1_126' title='bbox 1179 1403 1444 1447; x_wconf 84' lang='lat' dir='ltr'>receperunt,</span> <span class='ocrx_word' id='word_1_127' title='bbox 1469 1396 1593 1437; x_wconf 87' lang='lat' dir='ltr'>dictis</span> 
     </span>
     <span class='ocr_line' id='line_1_20' title="bbox 62 1447 1593 1498; baseline 0.007 -11"><span class='ocrx_word' id='word_1_128' title='bbox 62 1447 133 1488; x_wconf 88' lang='lat' dir='ltr'>die</span> <span class='ocrx_word' id='word_1_129' title='bbox 167 1457 211 1488; x_wconf 90' lang='lat' dir='ltr'>et</span> <span class='ocrx_word' id='word_1_130' title='bbox 244 1448 352 1497; x_wconf 85' lang='lat' dir='ltr'>loco,</span> <span class='ocrx_word' id='word_1_131' title='bbox 393 1448 445 1488; x_wconf 88' lang='lat' dir='ltr'>de</span> <span class='ocrx_word' id='word_1_132' title='bbox 486 1448 654 1488; x_wconf 85' lang='lat' dir='ltr'>Thoma</span> <span class='ocrx_word' id='word_1_133' title='bbox 691 1447 882 1498; x_wconf 86' lang='lat' dir='ltr'>Holden,</span> <span class='ocrx_word' id='word_1_134' title='bbox 922 1448 1096 1489; x_wconf 89' lang='lat' dir='ltr'>domino</span> <span class='ocrx_word' id='word_1_135' title='bbox 1131 1448 1341 1492; x_wconf 84' lang='lat' dir='ltr'>Nicholao</span> <span class='ocrx_word' id='word_1_136' title='bbox 1366 1452 1530 1494; x_wconf 87' lang='lat' dir='ltr'>Hulme</span> <span class='ocrx_word' id='word_1_137' title='bbox 1550 1464 1593 1497; x_wconf 85' lang='lat' dir='ltr'>et</span> 
     </span>
     <span class='ocr_line' id='line_1_21' title="bbox 61 1505 1596 1555; baseline 0.005 -9"><span class='ocrx_word' id='word_1_138' title='bbox 61 1506 239 1547; x_wconf 89' lang='lat' dir='ltr'>domino</span> <span class='ocrx_word' id='word_1_139' title='bbox 277 1506 459 1546; x_wconf 78' lang='lat' dir='ltr'>Ricardo</span> <span class='ocrx_word' id='word_1_140' title='bbox 484 1506 680 1555; x_wconf 85' lang='lat' dir='ltr'>Corston,</span> <span class='ocrx_word' id='word_1_141' title='bbox 704 1505 1004 1547; x_wconf 77' lang='lat' dir='ltr'>executoribus</span> <span class='ocrx_word' id='word_1_142' title='bbox 1026 1507 1269 1549; x_wconf 81' lang='lat' dir='ltr'>testamenti</span> <span class='ocrx_word' id='word_1_143' title='bbox 1287 1509 1411 1550; x_wconf 80' lang='lat' dir='ltr'>bonae</span> <span class='ocrx_word' id='word_1_144' title='bbox 1434 1526 1596 1554; x_wconf 88' lang='lat' dir='ltr'>memo-</span> 
     </span>
     <span class='ocr_line' id='line_1_22' title="bbox 63 1564 1595 1620; baseline 0.005 -15"><span class='ocrx_word' id='word_1_145' title='bbox 63 1564 138 1605; x_wconf 86' lang='lat' dir='ltr'>riae</span> <span class='ocrx_word' id='word_1_146' title='bbox 160 1564 321 1605; x_wconf 89' lang='lat' dir='ltr'>domini</span> <span class='ocrx_word' id='word_1_147' title='bbox 344 1564 526 1605; x_wconf 85' lang='lat' dir='ltr'>Thomae</span> <span class='ocrx_word' id='word_1_148' title='bbox 549 1564 742 1619; x_wconf 83' lang='lat' dir='ltr'>Longley</span> <span class='ocrx_word' id='word_1_149' title='bbox 764 1579 898 1618; x_wconf 82' lang='lat' dir='ltr'>nuper</span> <span class='ocrx_word' id='word_1_150' title='bbox 933 1564 1121 1620; x_wconf 87' lang='lat' dir='ltr'>episcopi</span> <span class='ocrx_word' id='word_1_151' title='bbox 1146 1565 1457 1620; x_wconf 87' lang='lat' dir='ltr'>Dunelmensis,</span> <span class='ocrx_word' id='word_1_152' title='bbox 1481 1571 1595 1612; x_wconf 87' lang='lat' dir='ltr'>bona</span> 
     </span>
     <span class='ocr_line' id='line_1_23' title="bbox 65 1621 1594 1684; baseline 0.005 -22"><span class='ocrx_word' id='word_1_153' title='bbox 65 1623 317 1677; x_wconf 85' lang='lat' dir='ltr'>subscripta,</span> <span class='ocrx_word' id='word_1_154' title='bbox 355 1621 560 1677; x_wconf 74' lang='lat' dir='ltr'>predictae</span> <span class='ocrx_word' id='word_1_155' title='bbox 596 1622 785 1663; x_wconf 85' lang='lat' dir='ltr'>ecclesiae</span> <span class='ocrx_word' id='word_1_156' title='bbox 821 1622 1066 1664; x_wconf 83' lang='lat' dir='ltr'>Cathedrali</span> <span class='ocrx_word' id='word_1_157' title='bbox 1100 1623 1141 1664; x_wconf 90' lang='lat' dir='ltr'>in</span> <span class='ocrx_word' id='word_1_158' title='bbox 1165 1632 1424 1668; x_wconf 87' lang='lat' dir='ltr'>testamento</span> <span class='ocrx_word' id='word_1_159' title='bbox 1463 1628 1594 1684; x_wconf 89' lang='lat' dir='ltr'>ipsius</span> 
     </span>
     <span class='ocr_line' id='line_1_24' title="bbox 64 1680 1590 1736; baseline 0.005 -15"><span class='ocrx_word' id='word_1_160' title='bbox 64 1695 200 1735; x_wconf 89' lang='lat' dir='ltr'>nuper</span> <span class='ocrx_word' id='word_1_161' title='bbox 225 1680 422 1734; x_wconf 86' lang='lat' dir='ltr'>Episcopi</span> <span class='ocrx_word' id='word_1_162' title='bbox 447 1681 590 1736; x_wconf 80' lang='lat' dir='ltr'>legata</span> <span class='ocrx_word' id='word_1_163' title='bbox 610 1690 652 1721; x_wconf 88' lang='lat' dir='ltr'>et</span> <span class='ocrx_word' id='word_1_164' title='bbox 674 1680 899 1734; x_wconf 81' lang='lat' dir='ltr'>assignata,</span> <span class='ocrx_word' id='word_1_165' title='bbox 923 1680 964 1720; x_wconf 91' lang='lat' dir='ltr'>in</span> <span class='ocrx_word' id='word_1_166' title='bbox 988 1681 1136 1722; x_wconf 89' lang='lat' dir='ltr'>eadem</span> <span class='ocrx_word' id='word_1_167' title='bbox 1159 1683 1335 1725; x_wconf 85' lang='lat' dir='ltr'>ecelesia</span> <span class='ocrx_word' id='word_1_168' title='bbox 1355 1685 1409 1726; x_wconf 85' lang='lat' dir='ltr'>ad</span> <span class='ocrx_word' id='word_1_169' title='bbox 1430 1688 1590 1729; x_wconf 87' lang='lat' dir='ltr'>cultum</span> 
     </span>
     <span class='ocr_line' id='line_1_25' title="bbox 64 1738 1598 1794; baseline 0.005 -14"><span class='ocrx_word' id='word_1_170' title='bbox 64 1748 107 1780; x_wconf 89' lang='lat' dir='ltr'>et</span> <span class='ocrx_word' id='word_1_171' title='bbox 138 1738 343 1779; x_wconf 86' lang='lat' dir='ltr'>honorem</span> <span class='ocrx_word' id='word_1_172' title='bbox 375 1738 459 1780; x_wconf 81' lang='lat' dir='ltr'>Dei</span> <span class='ocrx_word' id='word_1_173' title='bbox 489 1749 532 1779; x_wconf 89' lang='lat' dir='ltr'>et</span> <span class='ocrx_word' id='word_1_174' title='bbox 554 1738 686 1779; x_wconf 82' lang='lat' dir='ltr'>sancti</span> <span class='ocrx_word' id='word_1_175' title='bbox 713 1738 937 1780; x_wconf 85' lang='lat' dir='ltr'>Cuthberti</span> <span class='ocrx_word' id='word_1_176' title='bbox 960 1751 1165 1794; x_wconf 83' lang='lat' dir='ltr'>perpetuo</span> <span class='ocrx_word' id='word_1_177' title='bbox 1186 1756 1456 1794; x_wconf 81' lang='lat' dir='ltr'>remansura3</span> <span class='ocrx_word' id='word_1_178' title='bbox 1481 1745 1598 1787; x_wconf 85' lang='lat' dir='ltr'>vide·</span> 
     </span>
     <span class='ocr_line' id='line_1_26' title="bbox 64 1796 1596 1855; baseline 0.006 -18"><span class='ocrx_word' id='word_1_179' title='bbox 64 1797 165 1838; x_wconf 87' lang='lat' dir='ltr'>licet</span> <span class='ocrx_word' id='word_1_180' title='bbox 188 1811 312 1838; x_wconf 85' lang='lat' dir='ltr'>unam</span> <span class='ocrx_word' id='word_1_181' title='bbox 335 1811 503 1837; x_wconf 88' lang='lat' dir='ltr'>crucem</span> <span class='ocrx_word' id='word_1_182' title='bbox 521 1796 766 1838; x_wconf 81' lang='lat' dir='ltr'>fabricatam</span> <span class='ocrx_word' id='word_1_183' title='bbox 789 1811 915 1852; x_wconf 85' lang='lat' dir='ltr'>super</span> <span class='ocrx_word' id='word_1_184' title='bbox 938 1812 1067 1838; x_wconf 90' lang='lat' dir='ltr'>unum</span> <span class='ocrx_word' id='word_1_185' title='bbox 1090 1813 1290 1852; x_wconf 85' lang='lat' dir='ltr'>magnum</span> <span class='ocrx_word' id='word_1_186' title='bbox 1313 1802 1466 1855; x_wconf 87' lang='lat' dir='ltr'>pedem</span> <span class='ocrx_word' id='word_1_187' title='bbox 1485 1804 1596 1846; x_wconf 83' lang='lat' dir='ltr'>bene</span> 
     </span>
     <span class='ocr_line' id='line_1_27' title="bbox 65 1854 1596 1914; baseline 0.006 -19"><span class='ocrx_word' id='word_1_188' title='bbox 65 1863 290 1910; x_wconf 86' lang='lat' dir='ltr'>operatum</span> <span class='ocrx_word' id='word_1_189' title='bbox 312 1869 409 1895; x_wconf 89' lang='lat' dir='ltr'>cum</span> <span class='ocrx_word' id='word_1_190' title='bbox 430 1854 604 1896; x_wconf 82' lang='lat' dir='ltr'>diversis</span> <span class='ocrx_word' id='word_1_191' title='bbox 626 1854 892 1910; x_wconf 81' lang='lat' dir='ltr'>imaginibus,</span> <span class='ocrx_word' id='word_1_192' title='bbox 916 1855 1110 1897; x_wconf 86' lang='lat' dir='ltr'>videlicet</span> <span class='ocrx_word' id='word_1_193' title='bbox 1132 1871 1226 1897; x_wconf 84' lang='lat' dir='ltr'>culn</span> <span class='ocrx_word' id='word_1_194' title='bbox 1250 1867 1432 1914; x_wconf 86' lang='lat' dir='ltr'>quatuor</span> <span class='ocrx_word' id='word_1_195' title='bbox 1455 1861 1596 1904; x_wconf 86' lang='lat' dir='ltr'>Evan-</span> 
     </span>
     <span class='ocr_line' id='line_1_28' title="bbox 65 1912 1595 1970; baseline 0.006 -17"><span class='ocrx_word' id='word_1_196' title='bbox 65 1912 225 1968; x_wconf 80' lang='lat' dir='ltr'>gelistis</span> <span class='ocrx_word' id='word_1_197' title='bbox 258 1912 301 1952; x_wconf 88' lang='lat' dir='ltr'>in</span> <span class='ocrx_word' id='word_1_198' title='bbox 337 1923 518 1969; x_wconf 75' lang='lat' dir='ltr'>quatuor</span> <span class='ocrx_word' id='word_1_199' title='bbox 554 1913 720 1970; x_wconf 83' lang='lat' dir='ltr'>angulis</span> <span class='ocrx_word' id='word_1_200' title='bbox 758 1913 905 1963; x_wconf 88' lang='lat' dir='ltr'>crucis,</span> <span class='ocrx_word' id='word_1_201' title='bbox 944 1915 1060 1969; x_wconf 89' lang='lat' dir='ltr'>cujus</span> <span class='ocrx_word' id='word_1_202' title='bbox 1083 1928 1154 1968; x_wconf 87' lang='lat' dir='ltr'>pes</span> <span class='ocrx_word' id='word_1_203' title='bbox 1177 1925 1377 1970; x_wconf 84' lang='lat' dir='ltr'>operatus</span> <span class='ocrx_word' id='word_1_204' title='bbox 1400 1933 1494 1960; x_wconf 89' lang='lat' dir='ltr'>cum</span> <span class='ocrx_word' id='word_1_205' title='bbox 1518 1935 1595 1962; x_wconf 89' lang='lat' dir='ltr'>sex</span> 
     </span>
     <span class='ocr_line' id='line_1_29' title="bbox 67 1970 1595 2026; baseline 0.006 -15"><span class='ocrx_word' id='word_1_206' title='bbox 67 1972 304 2021; x_wconf 81' lang='lat' dir='ltr'>boteraceS,</span> <span class='ocrx_word' id='word_1_207' title='bbox 348 1980 391 2012; x_wconf 89' lang='lat' dir='ltr'>et</span> <span class='ocrx_word' id='word_1_208' title='bbox 434 1970 545 2012; x_wconf 84' lang='lat' dir='ltr'>intra</span> <span class='ocrx_word' id='word_1_209' title='bbox 584 1972 804 2012; x_wconf 88' lang='lat' dir='ltr'>boteraces</span> <span class='ocrx_word' id='word_1_210' title='bbox 842 1986 917 2012; x_wconf 87' lang='lat' dir='ltr'>sex</span> <span class='ocrx_word' id='word_1_211' title='bbox 958 1971 1175 2026; x_wconf 80' lang='lat' dir='ltr'>imagineS,</span> <span class='ocrx_word' id='word_1_212' title='bbox 1221 1974 1415 2017; x_wconf 88' lang='lat' dir='ltr'>videlicet</span> <span class='ocrx_word' id='word_1_213' title='bbox 1455 1977 1595 2019; x_wconf 88' lang='lat' dir='ltr'>beatae</span> 
     </span>
     <span class='ocr_line' id='line_1_30' title="bbox 71 2029 1594 2090; baseline 0.005 -20"><span class='ocrx_word' id='word_1_214' title='bbox 71 2029 225 2070; x_wconf 84' lang='lat' dir='ltr'>Mariae</span> <span class='ocrx_word' id='word_1_215' title='bbox 262 2038 304 2070; x_wconf 85' lang='lat' dir='ltr'>et</span> <span class='ocrx_word' id='word_1_216' title='bbox 337 2029 601 2070; x_wconf 78' lang='lat' dir='ltr'>diversorum</span> <span class='ocrx_word' id='word_1_217' title='bbox 639 2030 945 2085; x_wconf 88' lang='lat' dir='ltr'>Apostolorum</span> <span class='ocrx_word' id='word_1_218' title='bbox 965 2045 975 2078; x_wconf 85' lang='lat'>3</span> <span class='ocrx_word' id='word_1_219' title='bbox 1006 2039 1049 2071; x_wconf 88' lang='lat' dir='ltr'>et</span> <span class='ocrx_word' id='word_1_220' title='bbox 1086 2045 1181 2071; x_wconf 86' lang='lat' dir='ltr'>curn</span> <span class='ocrx_word' id='word_1_221' title='bbox 1217 2031 1384 2074; x_wconf 90' lang='lat' dir='ltr'>duobus</span> <span class='ocrx_word' id='word_1_222' title='bbox 1420 2037 1594 2090; x_wconf 81' lang='lat' dir='ltr'>angelis,</span> 
     </span>
     <span class='ocr_line' id='line_1_31' title="bbox 69 2087 1593 2144; baseline 0.006 -17"><span class='ocrx_word' id='word_1_223' title='bbox 69 2097 251 2143; x_wconf 87' lang='lat' dir='ltr'>utroque</span> <span class='ocrx_word' id='word_1_224' title='bbox 284 2087 468 2128; x_wconf 82' lang='lat' dir='ltr'>habente</span> <span class='ocrx_word' id='word_1_225' title='bbox 490 2087 594 2128; x_wconf 83' lang='lat' dir='ltr'>duas</span> <span class='ocrx_word' id='word_1_226' title='bbox 616 2088 714 2138; x_wconf 86' lang='lat' dir='ltr'>alas,</span> <span class='ocrx_word' id='word_1_227' title='bbox 740 2097 783 2129; x_wconf 88' lang='lat' dir='ltr'>et</span> <span class='ocrx_word' id='word_1_228' title='bbox 805 2103 937 2129; x_wconf 90' lang='lat' dir='ltr'>unum</span> <span class='ocrx_word' id='word_1_229' title='bbox 961 2088 1242 2130; x_wconf 87' lang='lat' dir='ltr'>thurribulum</span> <span class='ocrx_word' id='word_1_230' title='bbox 1267 2090 1308 2131; x_wconf 90' lang='lat' dir='ltr'>in</span> <span class='ocrx_word' id='word_1_231' title='bbox 1332 2107 1473 2144; x_wconf 86' lang='lat' dir='ltr'>manu,</span> <span class='ocrx_word' id='word_1_232' title='bbox 1497 2109 1593 2136; x_wconf 89' lang='lat' dir='ltr'>cum</span> 
     </span>
     <span class='ocr_line' id='line_1_32' title="bbox 70 2145 1597 2206; baseline 0.006 -21"><span class='ocrx_word' id='word_1_233' title='bbox 70 2159 156 2186; x_wconf 89' lang='lat' dir='ltr'>uno</span> <span class='ocrx_word' id='word_1_234' title='bbox 191 2160 344 2202; x_wconf 80' lang='lat' dir='ltr'>magno</span> <span class='ocrx_word' id='word_1_235' title='bbox 366 2145 508 2186; x_wconf 84' lang='lat' dir='ltr'>sokett</span> <span class='ocrx_word' id='word_1_236' title='bbox 529 2145 725 2187; x_wconf 84' lang='lat' dir='ltr'>ordinato</span> <span class='ocrx_word' id='word_1_237' title='bbox 747 2161 825 2201; x_wconf 89' lang='lat' dir='ltr'>pro</span> <span class='ocrx_word' id='word_1_238' title='bbox 847 2145 959 2187; x_wconf 85' lang='lat' dir='ltr'>dicta</span> <span class='ocrx_word' id='word_1_239' title='bbox 980 2161 1104 2188; x_wconf 87' lang='lat' dir='ltr'>cruce</span> <span class='ocrx_word' id='word_1_240' title='bbox 1126 2149 1334 2202; x_wconf 82' lang='lat' dir='ltr'>portanda</span> <span class='ocrx_word' id='word_1_241' title='bbox 1355 2165 1482 2206; x_wconf 86' lang='lat' dir='ltr'>super</span> <span class='ocrx_word' id='word_1_242' title='bbox 1503 2152 1597 2194; x_wconf 84' lang='lat' dir='ltr'>has-</span> 
     </span>
     <span class='ocr_line' id='line_1_33' title="bbox 69 2204 1599 2266; baseline 0.005 -22"><span class='ocrx_word' id='word_1_243' title='bbox 69 2212 171 2253; x_wconf 83' lang='lat' dir='ltr'>tam,</span> <span class='ocrx_word' id='word_1_244' title='bbox 211 2212 349 2243; x_wconf 88' lang='lat' dir='ltr'>totum</span> <span class='ocrx_word' id='word_1_245' title='bbox 385 2204 439 2245; x_wconf 91' lang='lat' dir='ltr'>de</span> <span class='ocrx_word' id='word_1_246' title='bbox 473 2213 653 2258; x_wconf 83' lang='lat' dir='ltr'>argento</span> <span class='ocrx_word' id='word_1_247' title='bbox 688 2204 906 2253; x_wconf 83' lang='lat' dir='ltr'>deaurato,</span> <span class='ocrx_word' id='word_1_248' title='bbox 942 2213 985 2244; x_wconf 90' lang='lat' dir='ltr'>et</span> <span class='ocrx_word' id='word_1_249' title='bbox 1007 2219 1103 2246; x_wconf 80' lang='lat' dir='ltr'>cum</span> <span class='ocrx_word' id='word_1_250' title='bbox 1126 2220 1210 2246; x_wconf 89' lang='lat' dir='ltr'>uno</span> <span class='ocrx_word' id='word_1_251' title='bbox 1234 2206 1323 2247; x_wconf 86' lang='lat' dir='ltr'>vice</span> <span class='ocrx_word' id='word_1_252' title='bbox 1345 2208 1398 2249; x_wconf 90' lang='lat' dir='ltr'>de</span> <span class='ocrx_word' id='word_1_253' title='bbox 1420 2219 1599 2266; x_wconf 82' lang='lat' dir='ltr'>argento</span> 
     </span>
     <span class='ocr_line' id='line_1_34' title="bbox 69 2260 1598 2324; baseline 0.006 -24"><span class='ocrx_word' id='word_1_254' title='bbox 69 2276 146 2316; x_wconf 89' lang='lat' dir='ltr'>pro</span> <span class='ocrx_word' id='word_1_255' title='bbox 169 2260 315 2302; x_wconf 85' lang='lat' dir='ltr'>eadem</span> <span class='ocrx_word' id='word_1_256' title='bbox 333 2277 470 2303; x_wconf 85' lang='lat' dir='ltr'>cruce.</span> <span class='ocrx_word' id='word_1_257' title='bbox 537 2262 643 2302; x_wconf 86' lang='lat' dir='ltr'>Item</span> <span class='ocrx_word' id='word_1_258' title='bbox 666 2276 796 2302; x_wconf 90' lang='lat' dir='ltr'>unum</span> <span class='ocrx_word' id='word_1_259' title='bbox 819 2261 1118 2303; x_wconf 81' lang='lat' dir='ltr'>vestimentum</span> <span class='ocrx_word' id='word_1_260' title='bbox 1141 2263 1194 2304; x_wconf 88' lang='lat' dir='ltr'>de</span> <span class='ocrx_word' id='word_1_261' title='bbox 1217 2264 1356 2307; x_wconf 91' lang='lat' dir='ltr'>velvet</span> <span class='ocrx_word' id='word_1_262' title='bbox 1377 2281 1598 2324; x_wconf 85' lang='lat' dir='ltr'>crymesyn</span> 
     </span>
     <span class='ocr_line' id='line_1_35' title="bbox 70 2319 1598 2375; baseline 0.005 -16"><span class='ocrx_word' id='word_1_263' title='bbox 70 2319 201 2360; x_wconf 86' lang='lat' dir='ltr'>rubro</span> <span class='ocrx_word' id='word_1_264' title='bbox 235 2333 330 2359; x_wconf 92' lang='lat' dir='ltr'>cum</span> <span class='ocrx_word' id='word_1_265' title='bbox 363 2328 456 2360; x_wconf 87' lang='lat' dir='ltr'>toto</span> <span class='ocrx_word' id='word_1_266' title='bbox 478 2329 684 2374; x_wconf 84' lang='lat' dir='ltr'>apparatu</span> <span class='ocrx_word' id='word_1_267' title='bbox 707 2319 906 2375; x_wconf 90' lang='lat' dir='ltr'>ejusdem,</span> <span class='ocrx_word' id='word_1_268' title='bbox 932 2319 1128 2361; x_wconf 84' lang='lat' dir='ltr'>videlicet</span> <span class='ocrx_word' id='word_1_269' title='bbox 1151 2336 1236 2361; x_wconf 89' lang='lat' dir='ltr'>una</span> <span class='ocrx_word' id='word_1_270' title='bbox 1258 2323 1411 2373; x_wconf 88' lang='lat' dir='ltr'>casula,</span> <span class='ocrx_word' id='word_1_271' title='bbox 1434 2325 1598 2367; x_wconf 82' lang='lat' dir='ltr'>duabus</span> 
     </span>
     <span class='ocr_line' id='line_1_36' title="bbox 70 2376 1600 2434; baseline 0.005 -16"><span class='ocrx_word' id='word_1_272' title='bbox 70 2376 268 2418; x_wconf 86' lang='lat' dir='ltr'>tuniculis</span> <span class='ocrx_word' id='word_1_273' title='bbox 286 2385 327 2417; x_wconf 85' lang='lat' dir='ltr'>et</span> <span class='ocrx_word' id='word_1_274' title='bbox 361 2391 442 2417; x_wconf 89' lang='lat' dir='ltr'>una</span> <span class='ocrx_word' id='word_1_275' title='bbox 463 2392 567 2431; x_wconf 85' lang='lat' dir='ltr'>capa</span> <span class='ocrx_word' id='word_1_276' title='bbox 589 2377 820 2431; x_wconf 85' lang='lat' dir='ltr'>principali,</span> <span class='ocrx_word' id='word_1_277' title='bbox 839 2377 1024 2418; x_wconf 87' lang='lat' dir='ltr'>habente</span> <span class='ocrx_word' id='word_1_278' title='bbox 1047 2377 1232 2434; x_wconf 82' lang='lat' dir='ltr'>orfrayes</span> <span class='ocrx_word' id='word_1_279' title='bbox 1253 2381 1489 2424; x_wconf 87' lang='lat' dir='ltr'>consimiles</span> <span class='ocrx_word' id='word_1_280' title='bbox 1510 2385 1600 2426; x_wconf 85' lang='lat' dir='ltr'>auri</span> 
     </span>
     <span class='ocr_line' id='line_1_37' title="bbox 69 2434 1598 2489; baseline 0.006 -14"><span class='ocrx_word' id='word_1_281' title='bbox 69 2436 124 2476; x_wconf 86' lang='lat' dir='ltr'>de</span> <span class='ocrx_word' id='word_1_282' title='bbox 157 2434 289 2489; x_wconf 85' lang='lat' dir='ltr'>cipro,</span> <span class='ocrx_word' id='word_1_283' title='bbox 328 2434 492 2475; x_wconf 85' lang='lat' dir='ltr'>duabus</span> <span class='ocrx_word' id='word_1_284' title='bbox 525 2435 655 2485; x_wconf 80' lang='lat' dir='ltr'>stolis,</span> <span class='ocrx_word' id='word_1_285' title='bbox 680 2435 812 2475; x_wconf 80' lang='lat' dir='ltr'>tribus</span> <span class='ocrx_word' id='word_1_286' title='bbox 836 2434 1072 2489; x_wconf 80' lang='lat' dir='ltr'>manipuliS,</span> <span class='ocrx_word' id='word_1_287' title='bbox 1097 2436 1229 2477; x_wconf 88' lang='lat' dir='ltr'>tribus</span> <span class='ocrx_word' id='word_1_288' title='bbox 1251 2438 1368 2489; x_wconf 83' lang='lat' dir='ltr'>albis,</span> <span class='ocrx_word' id='word_1_289' title='bbox 1392 2448 1435 2481; x_wconf 90' lang='lat' dir='ltr'>et</span> <span class='ocrx_word' id='word_1_290' title='bbox 1464 2441 1598 2484; x_wconf 87' lang='lat' dir='ltr'>tribus</span> 
     </span>
     <span class='ocr_line' id='line_1_38' title="bbox 72 2492 1599 2547; baseline 0.006 -14"><span class='ocrx_word' id='word_1_291' title='bbox 72 2492 250 2542; x_wconf 81' lang='lat' dir='ltr'>amictis,</span> <span class='ocrx_word' id='word_1_292' title='bbox 287 2507 382 2533; x_wconf 88' lang='lat' dir='ltr'>cum</span> <span class='ocrx_word' id='word_1_293' title='bbox 421 2492 580 2547; x_wconf 86' lang='lat' dir='ltr'>paruris</span> <span class='ocrx_word' id='word_1_294' title='bbox 614 2492 815 2542; x_wconf 85' lang='lat' dir='ltr'>consutis,</span> <span class='ocrx_word' id='word_1_295' title='bbox 852 2492 1041 2546; x_wconf 85' lang='lat' dir='ltr'>ejusdem</span> <span class='ocrx_word' id='word_1_296' title='bbox 1064 2502 1219 2543; x_wconf 81' lang='lat' dir='ltr'>sectae3</span> <span class='ocrx_word' id='word_1_297' title='bbox 1254 2505 1296 2536; x_wconf 88' lang='lat' dir='ltr'>et</span> <span class='ocrx_word' id='word_1_298' title='bbox 1317 2511 1411 2538; x_wconf 83' lang='lat' dir='ltr'>curn</span> <span class='ocrx_word' id='word_1_299' title='bbox 1435 2498 1599 2542; x_wconf 85' lang='lat' dir='ltr'>duabus</span> 
     </span>
     <span class='ocr_line' id='line_1_39' title="bbox 71 2550 1601 2612; baseline 0.007 -21"><span class='ocrx_word' id='word_1_300' title='bbox 71 2550 185 2605; x_wconf 84' lang='lat' dir='ltr'>capis</span> <span class='ocrx_word' id='word_1_301' title='bbox 207 2550 261 2592; x_wconf 90' lang='lat' dir='ltr'>de</span> <span class='ocrx_word' id='word_1_302' title='bbox 283 2550 440 2592; x_wconf 82' lang='lat' dir='ltr'>velvett</span> <span class='ocrx_word' id='word_1_303' title='bbox 457 2565 676 2607; x_wconf 83' lang='lat' dir='ltr'>crymesyn</span> <span class='ocrx_word' id='word_1_304' title='bbox 698 2559 742 2591; x_wconf 89' lang='lat' dir='ltr'>et</span> <span class='ocrx_word' id='word_1_305' title='bbox 764 2565 848 2591; x_wconf 89' lang='lat' dir='ltr'>una</span> <span class='ocrx_word' id='word_1_306' title='bbox 869 2565 974 2605; x_wconf 84' lang='lat' dir='ltr'>capa</span> <span class='ocrx_word' id='word_1_307' title='bbox 995 2551 1049 2592; x_wconf 86' lang='lat' dir='ltr'>de</span> <span class='ocrx_word' id='word_1_308' title='bbox 1072 2551 1229 2594; x_wconf 89' lang='lat' dir='ltr'>velvett</span> <span class='ocrx_word' id='word_1_309' title='bbox 1249 2554 1391 2604; x_wconf 89' lang='lat' dir='ltr'>rubro,</span> <span class='ocrx_word' id='word_1_310' title='bbox 1411 2558 1601 2612; x_wconf 81' lang='lat' dir='ltr'>qualibet</span> 
     </span>
     <span class='ocr_line' id='line_1_40' title="bbox 73 2608 1601 2666; baseline 0.005 -17"><span class='ocrx_word' id='word_1_311' title='bbox 73 2609 257 2650; x_wconf 85' lang='lat' dir='ltr'>habente</span> <span class='ocrx_word' id='word_1_312' title='bbox 291 2608 481 2665; x_wconf 81' lang='lat' dir='ltr'>orfrayes</span> <span class='ocrx_word' id='word_1_313' title='bbox 513 2608 604 2650; x_wconf 83' lang='lat' dir='ltr'>auri</span> <span class='ocrx_word' id='word_1_314' title='bbox 637 2609 691 2650; x_wconf 87' lang='lat' dir='ltr'>de</span> <span class='ocrx_word' id='word_1_315' title='bbox 723 2609 856 2663; x_wconf 88' lang='lat' dir='ltr'>cipro,</span> <span class='ocrx_word' id='word_1_316' title='bbox 891 2608 1128 2650; x_wconf 87' lang='lat' dir='ltr'>consimiles</span> <span class='ocrx_word' id='word_1_317' title='bbox 1150 2619 1276 2652; x_wconf 88' lang='lat' dir='ltr'>seetae</span> <span class='ocrx_word' id='word_1_318' title='bbox 1293 2613 1525 2666; x_wconf 83' lang='lat' dir='ltr'>predictae3</span> <span class='ocrx_word' id='word_1_319' title='bbox 1559 2627 1601 2659; x_wconf 85' lang='lat' dir='ltr'>et</span> 
     </span>
     <span class='ocr_line' id='line_1_41' title="bbox 74 2666 1601 2729; baseline 0.007 -23"><span class='ocrx_word' id='word_1_320' title='bbox 74 2681 170 2707; x_wconf 88' lang='lat' dir='ltr'>cum</span> <span class='ocrx_word' id='word_1_321' title='bbox 204 2666 367 2707; x_wconf 83' lang='lat' dir='ltr'>duabus</span> <span class='ocrx_word' id='word_1_322' title='bbox 399 2666 513 2721; x_wconf 85' lang='lat' dir='ltr'>capis</span> <span class='ocrx_word' id='word_1_323' title='bbox 544 2667 597 2707; x_wconf 88' lang='lat' dir='ltr'>de</span> <span class='ocrx_word' id='word_1_324' title='bbox 620 2681 762 2721; x_wconf 84' lang='lat' dir='ltr'>panno</span> <span class='ocrx_word' id='word_1_325' title='bbox 779 2666 1032 2707; x_wconf 86' lang='lat' dir='ltr'>damasceno</span> <span class='ocrx_word' id='word_1_326' title='bbox 1055 2667 1197 2718; x_wconf 86' lang='lat' dir='ltr'>rubro,</span> <span class='ocrx_word' id='word_1_327' title='bbox 1222 2678 1265 2711; x_wconf 91' lang='lat' dir='ltr'>et</span> <span class='ocrx_word' id='word_1_328' title='bbox 1286 2681 1468 2725; x_wconf 81' lang='lat' dir='ltr'>quatuor</span> <span class='ocrx_word' id='word_1_329' title='bbox 1489 2676 1601 2729; x_wconf 84' lang='lat' dir='ltr'>capis</span> 
     </span>
     <span class='ocr_line' id='line_1_42' title="bbox 76 2724 1600 2789; baseline 0.006 -24"><span class='ocrx_word' id='word_1_330' title='bbox 76 2724 131 2764; x_wconf 86' lang='lat' dir='ltr'>de</span> <span class='ocrx_word' id='word_1_331' title='bbox 166 2724 394 2780; x_wconf 83' lang='lat' dir='ltr'>baudekyn</span> <span class='ocrx_word' id='word_1_332' title='bbox 429 2725 573 2775; x_wconf 85' lang='lat' dir='ltr'>rubro,</span> <span class='ocrx_word' id='word_1_333' title='bbox 612 2724 803 2781; x_wconf 87' lang='lat' dir='ltr'>qualibet</span> <span class='ocrx_word' id='word_1_334' title='bbox 838 2724 1022 2765; x_wconf 88' lang='lat' dir='ltr'>habente</span> <span class='ocrx_word' id='word_1_335' title='bbox 1060 2725 1247 2781; x_wconf 81' lang='lat' dir='ltr'>orfrayes</span> <span class='ocrx_word' id='word_1_336' title='bbox 1283 2728 1337 2768; x_wconf 85' lang='lat' dir='ltr'>de</span> <span class='ocrx_word' id='word_1_337' title='bbox 1373 2729 1600 2789; x_wconf 78' lang='lat' dir='ltr'>baudekyn</span> 
     </span>
     <span class='ocr_line' id='line_1_43' title="bbox 77 2782 1603 2847; baseline 0.005 -25"><span class='ocrx_word' id='word_1_338' title='bbox 77 2782 220 2833; x_wconf 79' lang='lat' dir='ltr'>rubro,</span> <span class='ocrx_word' id='word_1_339' title='bbox 258 2791 481 2824; x_wconf 83' lang='lat' dir='ltr'>contextos</span> <span class='ocrx_word' id='word_1_340' title='bbox 519 2797 614 2824; x_wconf 88' lang='lat' dir='ltr'>cum</span> <span class='ocrx_word' id='word_1_341' title='bbox 648 2783 781 2824; x_wconf 84' lang='lat' dir='ltr'>cervis</span> <span class='ocrx_word' id='word_1_342' title='bbox 808 2792 850 2824; x_wconf 89' lang='lat' dir='ltr'>et</span> <span class='ocrx_word' id='word_1_343' title='bbox 873 2782 1018 2824; x_wconf 86' lang='lat' dir='ltr'>avibus</span> <span class='ocrx_word' id='word_1_344' title='bbox 1040 2784 1129 2825; x_wconf 83' lang='lat' dir='ltr'>auri</span> <span class='ocrx_word' id='word_1_345' title='bbox 1152 2784 1204 2826; x_wconf 87' lang='lat' dir='ltr'>de</span> <span class='ocrx_word' id='word_1_346' title='bbox 1227 2784 1357 2841; x_wconf 87' lang='lat' dir='ltr'>cipro.</span> <span class='ocrx_word' id='word_1_347' title='bbox 1421 2788 1490 2831; x_wconf 90' lang='lat' dir='ltr'>De</span> <span class='ocrx_word' id='word_1_348' title='bbox 1512 2792 1603 2847; x_wconf 81' lang='lat' dir='ltr'>qui-</span> 
     </span>
    </p>
   </div>
  </div>
 </body>
</html>
