1807 2962
440 111 719 144 APPENDIX.
748 111 868 142 ANN.
897 108 1208 142 MCCCCXLVI.
1411 97 1595 145 cclxxix

64 218 280 261 Prioratus
299 219 353 261 de
372 218 671 274 Coldyngham
693 218 734 259 in
753 217 917 267 Scocia,
934 218 1148 273 quandam
1167 216 1357 258 cedulam
1374 218 1589 272 papiream

59 276 103 318 in
140 291 266 318 manu
300 292 377 318 sua
408 285 566 326 tenens,
591 285 634 317 et
663 276 783 317 nobis
819 275 996 317 subinde
1029 275 1212 325 tradens,
1231 284 1369 316 certos
1390 276 1587 319 articulos

58 349 147 375 suae
189 335 313 376 famae
349 342 394 375 et
426 333 597 375 honoris
630 333 933 383 continentem,
958 333 1001 373 in
1036 332 1178 374 medio
1211 332 1404 373 exhibuit
1425 342 1469 374 et
1491 349 1586 388 pro-

58 392 209 441 duxit3
241 392 362 433 nobis
383 391 601 432 humiliter
634 391 872 446 supplicans
894 405 943 432 ac
965 390 1195 447 requirens,
1219 399 1426 446 quatenus
1448 399 1586 433 certos

57 458 187 491 testes
209 450 264 491 ad
286 449 529 504 probandos
551 449 686 490 dictos
718 449 917 490 articulos
939 463 1016 504 per
1037 464 1134 490 eum
1156 448 1209 490 ad
1232 457 1334 489 tunc
1357 449 1587 502 productos

56 508 245 563 recipere
276 517 320 548 et
352 506 595 548 examinare
623 507 910 561 dignaremur,
934 516 978 548 et
1000 506 1115 548 dicta
1135 521 1283 548 eorum
1306 506 1349 546 in
1371 506 1587 560 publicam

57 565 237 606 formam
258 565 453 620 redigere
474 565 528 605 ad
549 573 796 620 perpetuam
819 564 880 605 rei
911 564 1169 614 memoriam,
1193 579 1248 605 ne
1271 565 1424 605 veritas
1446 566 1588 606 occul-

57 631 186 667 tetur.
242 622 357 688 N⁰.S’
401 623 542 677 igitur,
576 622 746 688 praefati
777 623 940 663 domini
970 622 1176 664 Johannis
1208 622 1511 676 supplicacioni
1542 631 1587 664 et

57 680 327 738 requisicioni
349 680 584 730 inclinati,
576 680 704 735 1psius
736 679 936 721 alticulos
972 689 1200 731 sumentes,
1224 689 1353 721 testes
1376 695 1450 735 per
1471 696 1583 731 eum,

58 748 106 781 ut
126 739 413 794 praemittitur,
436 738 681 793 productos,
705 739 782 779 sub
815 738 1247 793 eorumjuramentis,
1273 738 1394 779 tactis
1416 753 1491 803 per
1512 754 1585 780 eos

56 795 250 852 primitus
284 796 561 839 sacrosanctis
598 795 843 851 evangeliis,
866 796 947 838 rite
981 796 1218 851 recepimus
1252 806 1295 838 et
1328 797 1587 838 examinavi-

58 869 163 906 mus,
201 864 330 911 prout
362 854 470 896 infla
505 863 637 909 patet.
703 854 836 909 Cujus
863 854 1027 895 cedulae
1050 855 1138 895 sive
1160 854 1432 896 ‘ar-ticulmum
1456 862 1583 896 ten01

56 913 250 969 sequitur
285 912 326 953 in
366 913 459 954 haec
496 913 639 954 verba.
713 913 763 953 In
802 912 887 953 Dei
926 913 1109 964 nomine,
1144 914 1300 954 Amen.
1366 913 1584 954 Articulos

57 970 347 1026 infrascriptos
380 979 423 1012 et
463 978 668 1011 contenta
708 970 865 1012 eisdem
900 970 987 1020 dat,
1021 971 1133 1020 facit,
1159 971 1353 1020 exhibet,
1387 971 1587 1025 producit

56 1041 101 1070 et
141 1029 322 1083 probare
364 1028 546 1070 intendit
582 1043 677 1083 pars
718 1028 905 1085 religiosi
947 1028 1022 1069 viri
1060 1028 1221 1069 domini
1256 1028 1462 1070 ,Iohannis
1496 1029 1585 1079 Oll,

54 1087 252 1128 monachi
289 1086 480 1141 professi,
513 1095 558 1127 et
597 1086 830 1127 sacerdotis
876 1087 1120 1127 monasterii
1170 1086 1483 1137 Dunelmensis,
1518 1101 1586 1128 or-

48 1143 164 1184 dinis
210 1144 355 1187 Sancti
406 1144 644 1194 Benedicti,
687 1159 736 1186 ac
785 1143 940 1185 Prioris
976 1144 1108 1186 Cellae
1148 1144 1235 1186 sive
1283 1144 1498 1186 prioratus
1529 1145 1584 1187 de

56 1202 358 1259 Coldyngham
405 1202 446 1243 in
496 1202 659 1251 Scocia,
697 1217 840 1243 coram
885 1201 1004 1243 vobis
1042 1202 1216 1243 Decano
1251 1202 1581 1244 Christianitatis

55 1259 261 1301 Dunelmi
307 1269 351 1301 et
407 1259 588 1302 officiali
637 1259 956 1301 Jurisdicciouis
1013 1260 1379 1302 Archidiaconalis
1424 1261 1586 1302 domini

57 1318 215 1359 Prioris
257 1318 573 1368 DunelmensiS,
613 1318 667 1359 ad
708 1328 959 1374 perpetuam
993 1318 1053 1359 rei
1095 1319 1354 1368 memoriam,
1389 1334 1442 1360 ne
1477 1319 1587 1359 veri-

53 1385 118 1416 tas
151 1377 388 1418 occultetur
423 1376 510 1417 sive
543 1376 847 1431 supprimatur,
887 1385 931 1417 et
964 1375 1119 1418 falsitas
1161 1376 1434 1425 dominetur3
1467 1377 1587 1419 vide-

52 1433 167 1484 licet,
203 1435 254 1476 In
284 1434 442 1490 piimis,
476 1435 592 1490 quod
624 1434 761 1475 dictus
783 1434 996 1476 ,Iohannes
1021 1435 1109 1484 Oll,
1134 1443 1177 1476 et
1199 1434 1327 1489 ipsius
1350 1435 1584 1490 parentela,

52 1491 224 1534 fuerunt
259 1508 309 1534 ac
349 1501 448 1533 sunt
491 1492 635 1533 libeiae
672 1492 949 1542 condicionis,
992 1501 1036 1534 et
1071 1493 1124 1533 ab
1166 1492 1283 1533 omni
1312 1494 1420 1548 jugo
1458 1495 1586 1534 servi-

53 1550 154 1590 tutis
186 1550 395 1591 immunes
418 1559 459 1591 et
481 1550 619 1599 alieni,
643 1565 691 1592 ac
714 1565 791 1605 plo
814 1550 980 1600 talibus,
1004 1550 1105 1591 dum
1138 1565 1287 1592 eorum
1309 1550 1464 1605 singuli
1487 1566 1587 1605 age-

49 1608 154 1650 bant
188 1608 231 1649 in
263 1608 471 1658 humanis,
495 1607 641 1658 habiti,
666 1609 783 1657 dicti,
810 1608 930 1659 tenti,
955 1617 997 1649 et
1020 1608 1217 1663 reputati,
1240 1609 1394 1664 palam,
1418 1609 1587 1664 publice

45 1674 94 1707 et
117 1666 297 1717 notorie,
321 1668 363 1707 in
386 1676 428 1707 et
450 1666 559 1707 infra
581 1675 719 1707 totum
744 1666 928 1722 Episcop
933 1675 1049 1707 itum
1069 1667 1423 1716 Dunelmensem,
1442 1682 1467 1708 a
1482 1678 1587 1709 tem-

51 1738 154 1778 pone
190 1734 234 1766 et
254 1739 331 1780 pel
352 1733 517 1779 tempus
540 1723 593 1765 de
615 1739 700 1780 quo
722 1734 842 1765 extat
864 1724 1081 1765 hominum
1104 1724 1320 1768 memoria.
1389 1725 1497 1766 Item
1519 1740 1587 1767 ar-

51 1781 266 1832 ticulatur,
290 1790 333 1824 et
369 1783 549 1837 probare
586 1781 769 1823 intendit
804 1797 899 1837 pars
921 1782 1142 1824 memorati
1168 1782 1341 1823 Domini
1363 1783 1584 1833 Johannis,

46 1840 166 1895 quod
202 1841 292 1894 ipse
322 1849 365 1882 et
396 1849 517 1895 pater
547 1854 596 1881 ac
624 1854 725 1881 avus
748 1840 1071 1894 ej11S‚etcete1i
1094 1841 1164 1882 alii
1186 1840 1240 1881 de
1272 1840 1400 1895 ipsius
1422 1841 1588 1883 domIni

49 1898 260 1939 ‚Iohannis
320 1898 550 1953 parentela,
602 1907 741 1939 ort-um
798 1898 1040 1940 habuerunt
1090 1898 1198 1939 infra
1253 1898 1480 1940 Baroniam
1531 1900 1587 1941 de

54 1956 369 2011 Brauncepeth,
402 1956 559 1997 ibidem
593 1957 694 1997 totis
725 1955 987 2008 temporibus
1018 1971 1164 1997 eorum
1187 1971 1265 2012 pro
1287 1956 1427 1997 liberis
1451 1956 1588 1998 homi-

49 2013 175 2055 nibus
204 2014 337 2055 habiti
368 2023 411 2056 et
438 2014 636 2070 reputati,
660 2023 787 2069 prout
807 2014 979 2055 fuerunt
993 2029 1005 2063 3
1037 2015 1153 2070 quod
1175 2023 1240 2055 est
1261 2029 1422 2063 verum,
1446 2015 1587 2070 publi-

47 2086 147 2113 cum
180 2082 224 2114 et
259 2072 479 2113 famosum.
546 2072 654 2113 Item
677 2071 938 2122 articulatur,
962 2079 1049 2122 etc„
1073 2072 1188 2128 quod
1212 2087 1337 2127 super
1359 2072 1585 2127 praemissis

48 2128 162 2171 infra
185 2129 411 2171 Baroniam
450 2130 712 2185 praedictam,
736 2139 779 2171 et
811 2129 913 2171 locis
943 2129 1265 2180 circumvicinis,
1289 2130 1457 2171 laborat
1479 2132 1588 2185 pub-

47 2185 131 2228 lica
162 2203 246 2229 vox
268 2196 310 2229 et
328 2188 472 2237 fama,
504 2202 629 2241 super
650 2188 800 2243 quibus
834 2188 1008 2243 quidem
1030 2187 1215 2228 articulis
1238 2188 1464 2242 probandis
1486 2203 1586 2243 pro·-

46 2244 174 2286 duxit
204 2245 422 2286 dominum
447 2245 731 2286 Willielmum
764 2245 981 2286 Blithman
1012 2246 1307 2299 presbiterum,
1340 2254 1384 2286 et
1419 2254 1585 2287 ceteros

47 2302 168 2352 alios,
192 2303 264 2359 qui
305 2303 596 2358 deposuerunt
636 2302 679 2342 in
721 2317 867 2343 eorum
911 2302 1167 2357 juramentis
1210 2312 1335 2356 prout
1376 2301 1585 2358 sequitur.

50 2360 371 2401 WILLIELMUS
411 2361 662 2401 BernMAN
697 2360 915 2414 presbiter,
950 2359 1074 2400 etatis
1110 2373 1254 2400 XLvuI
1297 2374 1502 2400 annorum
1540 2370 1584 2402 et

47 2418 242 2472 amplius,
268 2426 314 2460 ut
336 2417 450 2467 dicit,
475 2418 680 2458 oriundus
703 2417 812 2458 infra
829 2417 1056 2458 Baroniam
1079 2417 1132 2458 dc
1156 2417 1440 2471 Brancepeth,
1466 2418 1583 2458 testis

47 2476 280 2529 productus
321 2490 398 2530 per
436 2483 600 2530 paitem
642 2474 802 2515 domini
837 2474 1042 2516 Johannis
1082 2474 1152 2516 Oll
1190 2474 1385 2515 monachi
1418 2475 1583 2517 Dunel-

49 2533 203 2575 mensis
225 2549 353 2589 supei
374 2548 443 2575 cei
447 2543 497 2574 tls
519 2532 738 2574 articulis
729 2547 769 2573 m
784 2532 1016 2573 subsidium
1035 2540 1076 2573 et
1091 2533 1303 2593 juvamen
1312 2532 1512 2598 νθιίῑειῑίε,
1530 2548 1585 2575 ne

47 2593 343 2646 opprimatur·
333 2623 344 2641 ‚
376 2605 500 2646 supet
531 2590 683 2646 quibus
716 2590 918 2640 articulis,
947 2589 1112 2631 divisim
1135 2590 1214 2631 sibi
1234 2590 1454 2644 expositis,
1478 2590 1583 2632 dicit

50 2650 165 2704 quod
187 2649 408 2691 continent
431 2648 652 2690 veritatem
680 2648 720 2689 in
743 2663 803 2689 se.
866 2649 1167 2701 Interrogatus,
1190 2662 1266 2703 per
1287 2648 1389 2704 quid
1405 2648 1494 2699 scit,
1518 2649 1584 2690 di-

49 2708 107 2747 cit
129 2707 244 2763 quod
267 2717 401 2749 mater
434 2706 563 2763 ipsius
587 2706 719 2756 testis,
743 2721 838 2761 quae
859 2705 1039 2747 decessit
1062 2705 1170 2747 infra
1200 2706 1308 2747 duos
1329 2721 1462 2747 annos
1491 2709 1583 2763 jam

51 2763 199 2813 ultimo
233 2765 411 2820 elap305‚
436 2763 582 2807 retulit
614 2763 690 2807 sibi
723 2764 840 2821 quod
861 2763 1061 2819 cognovit
1087 2764 1324 2806 Robertum
1346 2764 1432 2816 Oil,
1456 2779 1583 2808 avum.
