1807 2962
200 122 260 169 16
531 139 665 172 HIST.
693 139 929 172 DUNELM·
960 138 1430 171 SCRIPTOREsrTRES.

196 248 364 290 endam.
431 244 593 289 Milites
630 251 775 302 [ergo]
812 247 1034 289 memorati
1074 247 1289 303 Hugonis,
1328 254 1374 286 ut
1416 244 1472 286 eis
1503 244 1718 294 darentur,

195 320 221 346 a
261 304 477 346 monachis
518 305 813 360 postulabant;
855 313 1143 360 protestantes
1183 305 1340 359 seipsos
1382 311 1624 356 recepturos
1666 302 1721 344 ad

194 362 400 409 honorem
430 364 561 405 sancti
586 362 861 412 Confessoris,
886 377 961 405 nec
985 363 1042 403 ob
1064 361 1298 416 periculum
1319 361 1393 403 sed
1418 362 1511 416 [ad]
1535 375 1722 403 commo-

195 420 294 462 dum
310 420 416 477 juris
441 435 599 472 eorum,
620 430 664 462 et
687 420 989 462 conservandae
1012 420 1231 464 libertatis,

526 729 622 757 CAP.
645 729 707 758 XI.
734 729 790 756 DE
814 728 1031 756 RANULFO
1054 728 1112 755 DE
1138 727 1384 755 GRIMESBY.

688 824 792 866 [MS.
809 824 890 867 Cap„
905 832 1040 856 cxvnx.
1060 821 1117 855 fol.
1136 823 1225 864 l7l.]

255 921 341 962 Illis
378 927 519 961 autem
553 919 596 959 id
629 917 800 974 quidem
839 917 897 958 eis
928 916 1054 958 licere
1074 914 1433 971 permittentibus,
1457 914 1558 955 dare
1582 906 1743 956 tamen*

193 979 436 1021 nolentibus
453 994 463 1027 3
496 976 682 1033 quidam,
702 975 774 1032 qui
796 974 946 1029 majori
967 982 1183 1029 potestate
1212 972 1316 1014 ali-os
1339 972 1563 1014 videbatur
1583 972 1724 1014 excel-

192 1038 293 1087 lere,
312 1035 531 1077 humiliter
555 1034 745 1083 accessit,
769 1041 813 1074 et
835 1033 974 1073 claves
996 1032 1050 1073 de
1071 1031 1230 1073 feretro
1251 1030 1579 1085 [ir]reverenter
1600 1030 1723 1078 tulit3

192 1096 267 1137 sed
298 1109 385 1135 non
407 1093 595 1148 impune.
660 1091 770 1133 Cum
792 1090 904 1132 enim
926 1098 1048 1131 extra
1073 1089 1248 1144 januam
1282 1088 1474 1130 ecclesiae
1507 1087 1725 1142 paululum

192 1152 489 1208 processisset3
522 1149 651 1204 coepit
681 1148 821 1190 subito
852 1147 1092 1189 vehementi
1126 1146 1313 1201 corporis
1343 1145 1657 1202 aestufaffigarss
1681 1154 1724 1186 et

191 1210 305 1252 ferro
333 1209 375 1249 in
396 1208 592 1249 manibus
624 1206 874 1256 calescente,
928 1204 1116 1246 novitate
1149 1204 1209 1246 rei
1241 1202 1489 1260 [attonitus]
1525 1202 1567 1243 in
1599 1204 1724 1245 timo-

190 1282 280 1309 rem
303 1265 508 1308 converti.
572 1265 818 1320 Gressuque
840 1262 1036 1306 trementi
1069 1263 1146 1304 sub
1169 1262 1388 1303 celeritate
1411 1276 1615 1311 reversuS,
1639 1275 1722 1311 eaS,

195 1326 305 1367 unde
327 1325 495 1374 tulerat,
517 1321 711 1378 projecit,
735 1336 811 1363 nec
829 1330 970 1363 tamen
987 1319 1332 1376 praesumptionis
1349 1319 1536 1374 pristinae
1554 1333 1723 1374 poenam

193 1384 337 1425 taliter
366 1381 513 1424 evasit.
589 1381 639 1422 In
673 1380 804 1421 domo
836 1393 1020 1434 namque
1051 1393 1138 1428 sua,
1173 1379 1217 1418 in
1253 1377 1472 1432 provincia
1496 1376 1722 1433 Lyndissy,

191 1442 332 1482 subita
372 1447 591 1494 correptus
632 1437 903 1492 aegritudine,
946 1436 989 1476 in
1040 1435 1242 1477 insaniam
1294 1449 1465 1491 quoque
1516 1434 1719 1484 incidens,

189 1497 485 1540 miserabiliter
520 1510 664 1537 coram
697 1495 829 1536 oculis
856 1508 1027 1535 suorum
1050 1493 1204 1535 dicitur
1225 1492 1447 1536 interiisse.
1513 1492 1722 1534 Possessi-

191 1571 293 1598 ones
329 1555 490 1596 interea
516 1553 717 1608 Episcopi
749 1560 792 1593 et
824 1551 981 1607 oppida
1000 1550 1143 1593 ballivi
1169 1550 1299 1605 Regis
1321 1550 1616 1605 occupabant3
1649 1549 1722 1606 qui

190 1615 328 1669 primo
371 1611 552 1665 Hugoni
598 1610 788 1660 Bardolf,
842 1608 996 1651 deinde
1049 1608 1367 1650 Archidiacono
1422 1608 1718 1658 Herfordensi‚

190 1670 416 1713 novissime
452 1668 637 1710 Ricardo
668 1668 852 1710 Briwere
874 1676 918 1709 et
941 1666 1140 1708 Gilberto
1161 1665 1251 1707 filio
1285 1665 1511 1722 Raynfridi
1544 1666 1721 1721 Episco-

188 1738 338 1785 patum
361 1726 584 1768 commisit.
636 1725 724 1775 Qui
747 1740 841 1766 cum
865 1724 943 1766 sibi
967 1723 1146 1765 vicissim
1170 1723 1460 1774 succederent,
1484 1732 1528 1765 et
1544 1723 1719 1779 singulis

189 1789 278 1829 fere
314 1785 524 1827 mensibus
560 1799 692 1825 novos
729 1784 773 1824 in
809 1781 1010 1825 custodiis
1041 1782 1293 1838 praepositos
1322 1782 1621 1832 instituerant;
1644 1782 1717 1832 illi,

187 1843 420 1887 commodis
441 1842 524 1883 suis
545 1841 761 1883 ardentius
783 1841 1034 1889 insistentes,
1068 1855 1122 1881 ex
1154 1840 1319 1882 alterna
1349 1841 1587 1881 mutatione
1616 1854 1719 1896 pro-

192 1901 438 1943 vincialibus
457 1900 568 1941 mala
588 1899 861 1940 innovabant.
924 1898 994 1940 De
1017 1897 1225 1939 thesauris
1250 1897 1450 1952 Episcopi
1472 1897 1718 1952 diligentius

190 1959 485 2016 inquirebant3
517 1965 561 1999 et
582 1972 667 1999 non
689 1957 824 1998 solum
853 1956 1078 1997 familiares
1095 1964 1139 1997 et
1164 1955 1377 1997 Officiales
1404 1955 1619 2012 Episcopi,
1643 1957 1719 1998 sed

188 2034 262 2059 eos
296 2016 435 2066 etiam,
470 2016 543 2072 qui
576 2014 730 2056 nullius
763 2013 1084 2056 familiaritatis*
1117 2014 1284 2055 fuerant
1306 2013 1478 2064 astricti,
1502 2013 1536 2054 si
1556 2013 1718 2070 aliquid

188 2074 474 2118 abundantius
497 2073 748 2114 videbantur
768 2072 941 2122 habere,
965 2071 1070 2126 regii
1092 2071 1344 2113 auctoritate
1366 2071 1530 2127 imperii
1552 2072 1606 2113 ad
1635 2071 1718 2113 sol-

187 2134 372 2175 vendum
405 2132 630 2186 cogebant.
694 2130 900 2172 Nonnulli
932 2145 1103 2186 quoque
1136 2129 1472 2184 provincialium,
1500 2129 1594 2180 hiis,
1619 2144 1715 2186 quae

190 2191 426 2247 Episcopus
448 2190 501 2230 de
522 2189 788 2230 restitutione
810 2193 1000 2244 [eorum]
1023 2188 1312 2238 mandaverat,
1337 2187 1577 2238 innitentes,
1601 2186 1643 2228 in
1664 2203 1717 2229 ea

191 2254 274 2304 [et]
297 2263 392 2305 quae
429 2246 493 2288 sui
507 2247 615 2302 juris
637 2257 772 2296 erant,
796 2245 933 2287 minus
955 2245 1148 2287 consulte
1170 2245 1464 2300 irrumpenteS,
1488 2245 1531 2286 in
1552 2245 1715 2287 miseri-

187 2307 336 2349 cordia
369 2306 500 2360 Regis
541 2303 723 2359 propriae
773 2304 928 2360 laqueo
978 2303 1230 2345 temeritatis
1271 2310 1369 2343 sunt
1398 2302 1601 2353 innodati,
1634 2318 1715 2345 nec

188 2375 331 2407 tamen
353 2362 557 2419 propositi
578 2362 641 2402 sui
663 2361 919 2403 desiderium
941 2360 1171 2404 consecuti.
1237 2359 1443 2402 Monachi
1469 2373 1582 2411 vero,
1607 2375 1714 2402 non-

188 2424 289 2464 dum
322 2423 464 2478 aliqua
490 2421 642 2462 horum
665 2419 955 2476 inquietudine
976 2419 1145 2474 pulsati,
1168 2432 1257 2460 suae
1278 2417 1527 2474 propensius
1548 2427 1714 2474 satage-

188 2481 292 2522 bant
330 2479 569 2535 prospicere
610 2477 762 2534 quieti:
805 2477 1040 2533 directique
1076 2485 1174 2518 sunt
1215 2475 1425 2526 monachi,
1464 2476 1536 2532 qui
1566 2476 1711 2519 literas

187 2538 380 2580 tuitionis
395 2547 438 2579 et
456 2535 824 2578 confirmationem
839 2535 1085 2577 libertatum
1109 2549 1134 2576 a
1153 2535 1274 2592 Rege
1296 2534 1588 2589 impetrarent.
1643 2535 1711 2576 Ab

192 2612 245 2638 eo
276 2606 417 2637 autem
449 2594 620 2636 minime
652 2608 778 2649 super
798 2593 862 2635 his
884 2594 1157 2634 merebantur
1177 2592 1313 2634 audiri
1331 2607 1341 2641 ;
1364 2607 1417 2633 eo
1438 2592 1552 2648 quod
1576 2592 1714 2648 apud†

194 2654 424 2697 monachos
461 2653 686 2708 pecuniam
726 2651 923 2706 Episcopi
960 2665 1051 2692 esse
1080 2650 1357 2701 reconditam,
1386 2651 1560 2707 jamque
1581 2651 1634 2693 ab
1656 2650 1713 2692 eis

467 2772 483 2789 ὓ
503 2768 672 2802 tharton
690 2766 840 2809 supplies
856 2767 937 2799 here
954 2767 1013 2799 the
1030 2766 1137 2798 words
1154 2768 1204 2798 vel
1216 2766 1309 2804 officii
1321 2767 1444 2806 yracia'

374 2818 400 2855 †
419 2812 519 2856 Apud
536 2814 602 2845 and
618 2812 675 2846 sed
693 2822 747 2844 are
763 2811 938 2856 generally
957 2813 1094 2844 written
1112 2811 1193 2843 with
1208 2821 1226 2843 a
1244 2814 1264 2830 '·‘
1278 2811 1313 2843 t'‘
1343 2812 1376 2843 iu
1395 2812 1453 2843 the
1470 2809 1553 2843 MS.
