1807 2962
147 116 269 164 clxiv
479 127 610 159 HIST.
637 121 869 156 DUNELM.
892 118 1193 153 sempronsss
1218 121 1353 153 TREs.

153 238 239 279 vidi
255 244 297 278 et
313 235 470 285 audivi,
489 234 579 276 aliis
598 229 783 287 negociis
806 235 1050 282 occupatuS‚
1070 241 1145 281 per
1161 228 1290 268 aliurn
1307 227 1433 270 scribi
1447 230 1687 285 procuravi,

158 297 279 350 signo
316 303 358 335 et
394 295 565 334 nomine
599 292 703 331 meis
720 286 898 343 publicis
928 286 1107 349 signavi,
1129 295 1303 340 rogatus
1325 296 1368 328 et
1389 287 1624 343 requisitus,
1648 287 1692 328 in

158 355 288 395 fidem
311 360 355 394 et
376 350 662 394 testimonium
684 344 873 388 omnium
894 357 1222 398 praemissorum.

328 586 456 615 CXLV.
494 585 705 613 PROVISIO
739 585 965 614 CONCESSA
999 583 1183 611 DOMINO
1214 581 1431 609 ROBERTO
1466 581 1525 608 DE

374 644 700 671 WALLEWORTH
724 643 952 676 QUONDAM
976 642 1139 669 PRIORI
1163 639 1480 668 DUNELMENSL

758 722 863 765 [Reg.
881 719 926 753 II.
942 719 1001 752 fol.
1017 720 1113 760 314]

225 801 436 843 Nox-erint
468 798 652 841 universi
689 808 915 853 praesentes
950 797 1093 838 literas
1126 794 1355 851 inspecturi
1388 794 1504 850 quod
1525 809 1599 835 nos
1619 795 1695 836 Jo-

164 861 329 901 hannes
366 858 419 900 de
456 857 612 914 Aklyff,
649 856 855 911 Supprior
887 854 1075 897 ecclesiae
1106 853 1418 902 Dunelmensis‚
1443 861 1486 893 et
1508 853 1696 907 ejusdem

165 917 248 959 loci
288 917 547 964 Conventus,
591 915 860 955 attendentes
903 914 1067 954 labores
1111 911 1313 960 assiduos,
1357 925 1462 966 quos
1503 910 1698 952 dominus

169 975 387 1017 Robertus
421 974 480 1015 de
518 972 800 1022 Walleworth,
843 986 978 1026 nuper
1018 969 1140 1012 Prior
1170 978 1325 1017 noster,
1364 967 1475 1009 circa
1510 969 1698 1023 regimen

167 1031 420 1075 Monasterii
453 1030 589 1072 nostri
620 1029 922 1071 Dunelmensis
954 1036 998 1069 et
1026 1027 1067 1067 in
1090 1026 1176 1067 aliis
1199 1025 1344 1066 officiis
1367 1026 1553 1081 ejusdem
1575 1027 1699 1067 susti-

167 1091 260 1132 nuit
292 1090 513 1139 indefesse,
546 1103 595 1129 ae
618 1087 987 1142 praeeminenciam
1010 1094 1144 1126 status
1166 1084 1229 1125 sui
1251 1098 1376 1140 quam
1392 1084 1433 1124 in
1455 1084 1571 1125 dicto
1591 1084 1702 1140 regi-

167 1149 280 1190 mine
314 1147 477 1197 habuit,
520 1147 795 1201 volentesque
836 1153 1063 1199 propterea
1098 1143 1151 1184 de
1185 1157 1373 1197 congrua
1405 1142 1606 1197 porcione
1644 1143 1698 1185 de

167 1205 438 1248 facultatibus
460 1203 711 1245 Monasterii
732 1202 865 1244 nostri
887 1201 1117 1257 supradicti
1138 1200 1216 1241 sibi
1238 1215 1314 1255 pro
1336 1199 1434 1240 vitae
1452 1216 1539 1242 suae
1555 1216 1702 1242 neces-

166 1264 284 1306 sariis
315 1262 550 1318 providere,
585 1276 771 1303 cameras
799 1269 841 1302 et
865 1260 1069 1315 capellam
1091 1258 1202 1300 infra
1224 1258 1389 1300 Cellam
1411 1258 1464 1299 de
1489 1259 1699 1315 Fynkhall

164 1323 333 1363 noviter
354 1329 631 1369 constructaS,
661 1335 710 1361 ac
731 1318 1089 1360 sustentacionem
1107 1332 1224 1358 suam
1247 1325 1287 1358 et
1306 1326 1496 1372 sumptus
1513 1317 1701 1372 corporis

169 1382 212 1423 in
245 1378 471 1421 esculentis
503 1387 544 1419 et
566 1377 819 1432 poculentis,
843 1392 919 1432 pro
941 1391 1000 1426 se,
1025 1375 1244 1430 capellano
1267 1390 1344 1415 suo
1367 1375 1588 1425 monacho,
1613 1391 1700 1416 uno

170 1438 395 1492 armigero,
431 1451 516 1477 uno
549 1435 718 1483 clerico,
741 1451 829 1476 uno
850 1435 1040 1476 vadletto
1062 1443 1105 1474 et
1128 1448 1212 1474 uno
1234 1433 1446 1487 garcione,
1469 1433 1700 1474 secundum

171 1495 503 1551 uniuscujusque
535 1503 669 1535 status
701 1493 982 1548 exigenciam,
1005 1507 1102 1533 cum
1123 1491 1263 1540 focali,
1283 1500 1325 1531 et
1347 1491 1436 1531 aliis
1459 1493 1702 1532 necessariis

171 1570 249 1610 pro
270 1568 436 1595 camera
458 1567 533 1593 sua
554 1567 601 1593 ac
625 1551 952 1592 racionabilibus
974 1548 1259 1605 peticionibus
1281 1548 1362 1589 suis
1386 1564 1462 1603 pro
1484 1564 1527 1590 se
1549 1561 1592 1590 et
1614 1549 1704 1590 aliis

170 1613 223 1654 ad
245 1612 381 1667 ipsum
405 1609 683 1660 venientibus,
707 1610 760 1650 de
782 1609 898 1650 dicta
921 1608 1054 1658 Cella,
1078 1607 1184 1649 acin
1200 1606 1509 1661 suplementum
1527 1607 1704 1648 aliarum

172 1684 469 1725 expensarum,
503 1683 606 1724 quas
632 1669 759 1723 juxta
788 1676 920 1708 status
951 1667 1015 1706 sui
1047 1664 1293 1707 decenciam
1315 1664 1451 1719 ipsum
1474 1665 1707 1707 necessario

172 1727 390 1770 effundere
414 1725 640 1782 oportebit,
665 1724 847 1767 decimas
870 1725 923 1766 de
945 1722 1242 1765 Schaldeforth
1259 1733 1302 1763 et
1324 1721 1704 1775 Northschirborn,

177 1785 409 1828 Schirborn
445 1784 636 1838 Balyen',
673 1783 1097 1838 Southepittyngton,
1124 1781 1431 1830 Luddeworth,
1456 1796 1549 1821 cnm
1573 1783 1709 1823 omui-

174 1845 252 1884 bus
286 1842 417 1883 firmis
450 1841 668 1896 praedictae
705 1841 816 1881 villae
851 1841 904 1881 de
943 1839 1365 1894 Southepittyngton,
1399 1839 1555 1895 absque
1578 1854 1707 1882 onere

176 1899 455 1955 reparacionis
487 1901 800 1954 cnjuscumque,
834 1897 912 1938 sibi
934 1896 1203 1937 concedimus
1222 1905 1264 1937 et
1286 1895 1558 1949 assignamus.
1625 1899 1709 1939 Ca-

176 1959 367 2013 pelianus
399 1971 498 1997 vero
529 1955 630 1996 dicti
654 1955 814 1996 domini
839 1953 1034 2003 Roberti,
1059 1953 1111 1994 de
1134 1969 1219 2007 quo
1241 1955 1431 2008 superins
1454 1954 1503 1995 fit
1524 1955 1704 2004 mencio,

179 2014 418 2057 oblaciones
440 2028 534 2053 suas
557 2022 601 2054 et
622 2013 705 2053 alia
725 2012 971 2060 necessaria,
996 2011 1103 2052 sicut
1124 2010 1194 2052 alii
1215 2011 1363 2052 fratres
1386 2011 1438 2052 de
1461 2011 1552 2067 ipsa
1571 2013 1706 2064 Cella,

178 2073 334 2128 capiet.
398 2071 443 2113 Si
476 2085 577 2111 vero
609 2069 837 2125 praedictus
867 2069 1061 2110 dominus
1099 2069 1312 2110 Robertus
1346 2067 1390 2109 in
1422 2069 1535 2111 dicta
1569 2071 1706 2122 Cella,

178 2140 352 2186 propter
382 2128 557 2169 hostiles
594 2128 797 2178 incursus,
829 2128 896 2169 vel
918 2141 1185 2168 communem
1207 2141 1420 2182 guerram,
1445 2128 1560 2184 quod
1583 2130 1706 2180 absit,

179 2203 264 2229 non
287 2187 441 2229 audeat
464 2186 742 2235 commorari;
777 2185 951 2227 habebit
972 2199 1180 2226 cameram
1204 2181 1256 2225 de
1280 2185 1578 2242 Coldyngham
1601 2186 1710 2228 infra

178 2244 482 2288 monasterium
504 2253 693 2285 nostrum
717 2244 981 2299 praedictum,
1005 2252 1048 2284 et
1066 2257 1333 2284 communem
1352 2243 1709 2286 sustentacionem

179 2319 257 2359 pro
279 2319 337 2353 se,
362 2303 582 2357 capellano
605 2318 697 2351 suo,
721 2313 764 2343 et
786 2302 914 2343 servis
932 2301 1015 2343 suis
1032 2300 1260 2356 praedietiS,
1280 2315 1356 2354 pro
1375 2310 1566 2357 tempore
1583 2302 1709 2357 hujus

181 2377 312 2403 morae
345 2376 433 2402 suae
466 2360 519 2401 de
552 2360 759 2415 praedicta
789 2360 911 2402 Cella
946 2359 999 2400 de
1039 2358 1261 2414 Fynkhall,
1297 2358 1337 2398 in
1361 2359 1497 2400 forma
1518 2361 1709 2415 superius

183 2427 452 2475 expressata;
486 2433 534 2459 ac
568 2418 621 2459 de
657 2417 830 2459 decimis
860 2426 902 2459 et
937 2417 1066 2458 firmis
1101 2416 1364 2471 supradietis.
1396 2412 1476 2457 'In
1508 2419 1625 2473 cujus
1647 2420 1709 2460 rei

183 2476 470 2520 testimonium
501 2476 682 2531 sigillum
706 2485 895 2517 nostrum
918 2490 1142 2517 commune
1166 2474 1442 2529 praesentibus
1465 2484 1530 2516 est
1550 2490 1711 2531 appen-

183 2551 288 2579 sum.
354 2535 468 2576 Data
503 2534 724 2584 Dunelmi,
765 2534 806 2575 in
850 2534 979 2575 domo
1013 2543 1157 2574 nostra
1193 2532 1444 2587 Capitulari,
1468 2533 1618 2575 ultimo
1639 2534 1709 2576 die

183 2593 336 2636 mensis
358 2592 381 2635 J
388 2592 473 2643 ulii,
496 2607 610 2635 anno
633 2592 808 2635 Domini
831 2591 1051 2635 millesimo
1073 2606 1145 2634 cco
1168 2589 1443 2645 nonagesimo
1465 2591 1613 2646 primO.
