1807 2962
208 73 282 121 xvi
497 88 632 123 HrsT.
660 88 895 122 DUNELM.
924 86 1231 124 SCRIPTORES
1259 89 1400 121 TREs.

327 196 502 251 Signum
531 196 740 237 Willielmi
763 198 805 239 ÷
830 195 1095 240 Cancellarii.

326 254 503 309 Signum
526 254 734 296 Rodberti
757 257 799 294 ·4-
824 252 1003 295 Comitis
1027 250 1343 296 Norhumbriae.

324 313 503 367 Signum
525 316 567 350 -Ι-
592 312 753 368 Rogeri
778 309 930 364 Bigod.

325 370 502 424 Signum
528 369 739 411 Rodberti
761 372 803 409 -÷-
825 368 878 409 de.
904 369 1059 410 Monte
1085 369 1216 413 Forti.

325 426 504 482 Signum
533 426 751 468 Willielmi
778 425 955 467 Peverel
977 432 1033 469 ÷.

320 486 496 539 Signum
522 485 719 526 Mauricii
742 490 784 522 -l-
808 484 1040 538 Capellani.

319 549 362 581 -t-
390 543 568 599 Signum
595 541 805 583 Willielmi
828 541 1069 595 Kapellani.

321 601 497 655 Signum
524 600 676 642 Ursan’
701 600 754 641 de
781 599 964 641 Abetou.

315 848 390 875 VII.
426 847 569 874 CARTA
604 845 737 872 REGIS
770 844 1020 872 WILLIELMI
1048 844 1128 876 QUI
1152 843 1421 872 CONFIRMAT
1445 840 1585 872 LIBER

354 905 492 933 TATES
515 904 653 932 NOBIS
676 902 925 930 CONCESSAS
950 902 1091 930 CAUSA
1113 902 1561 933 ARCHIDIACONATUS.

786 980 898 1021 [Cart.
914 980 945 1012 Ι.
973 979 996 1012 f.
1015 983 1057 1012 46
1075 981 1122 1021 b.]

255 1063 307 1106 In
341 1062 509 1104 nomine
548 1060 702 1109 Patris,
741 1068 785 1100 et
820 1058 928 1109 Filii,
952 1066 995 1099 et
1020 1057 1200 1112 Spiritus
1225 1058 1383 1108 Sancti,
1413 1058 1561 1100 Amen.
1626 1059 1724 1115 Ego

199 1121 491 1170 Gwillielmus‚
518 1119 602 1160 Dei
623 1118 766 1175 gracia
790 1117 886 1158 Rex
913 1116 1161 1170 Anglorum,
1181 1116 1437 1158 hereditario
1450 1116 1549 1171 jure
1566 1117 1717 1168 factus,

193 1179 472 1236 praesentibus
509 1174 845 1230 Archiepiscopis
877 1183 920 1215 et
942 1174 1136 1215 omnibus
1161 1173 1383 1229 Episcopis
1404 1183 1446 1215 et
1468 1175 1719 1218 Justiciariis

193 1238 312 1287 meis,
356 1251 411 1278 ex
452 1242 670 1290 praecepto
705 1232 865 1273 domini
907 1232 1037 1287 Papae
1076 1231 1277 1286 Gregorii
1314 1246 1392 1282 vn,
1429 1240 1471 1274 et
1507 1232 1719 1287 peticione

199 1293 442 1338 Gwillielmi
466 1290 766 1334 Dunelmensis
790 1289 1005 1345 Episcopi,
1032 1289 1252 1331 Aldunum
1277 1289 1483 1341 Priorem,
1508 1299 1549 1332 et
1571 1306 1717 1333 omnes

192 1367 454 1395 successores
486 1351 589 1404 ejus,
624 1357 668 1390 et
699 1363 842 1389 omnes
874 1348 1103 1389 monachos
1134 1347 1178 1388 in
1210 1347 1388 1389 ecclesia
1414 1348 1557 1390 Sancti
1582 1349 1719 1391 Cuth-

190 1411 302 1453 berti
335 1410 379 1451 in
409 1418 626 1464 posterum
662 1406 905 1455 servituros,
939 1420 1036 1447 cum
1072 1405 1280 1455 omnibus,
1314 1420 1580 1463 quaecunque
1600 1406 1716 1449 idem

192 1468 487 1516 GwillielmuS,
526 1481 600 1507 seu
634 1479 895 1506 successores
929 1466 1032 1520 ejus,
1066 1463 1135 1504 vel
1166 1463 1345 1519 quilibet
1376 1463 1446 1505 alii
1477 1464 1624 1506 fideles
1655 1465 1715 1506 eis

189 1543 214 1570 a
245 1526 374 1568 modo
396 1524 605 1574 dederint,
625 1523 667 1563 in
688 1538 783 1564 mea
804 1522 1017 1563 dominica
1038 1536 1177 1571 manu,
1201 1521 1485 1576 proteccione,
1509 1530 1553 1563 et
1575 1531 1717 1564 custo-

187 1586 271 1635 dia,
306 1592 350 1626 et
395 1582 603 1624 heredum
646 1595 853 1630 meorum,
891 1581 935 1621 in
980 1587 1236 1634 perpetuum
1276 1579 1456 1634 suscepi.
1539 1580 1717 1636 Insuper

187 1641 374 1685 concessi
406 1641 463 1683 eis
494 1640 809 1695 inperpetuum,
843 1646 887 1679 et
917 1638 1120 1692 praesenti
1141 1645 1259 1678 carta
1280 1638 1542 1687 confirmavi,
1567 1653 1713 1680 omnes

186 1700 433 1756 dignitateS,
456 1699 653 1746 honores,
678 1704 723 1738 et
744 1696 976 1745 libertates,
1000 1710 1274 1751 quascunque
1296 1695 1409 1736 idem
1435 1695 1713 1738 Gwillielmus

184 1759 228 1800 in
260 1757 439 1799 concilio
471 1771 569 1797 meo
601 1754 678 1795 illis
709 1753 944 1802 concessit3
969 1753 1164 1795 videlicet
1185 1762 1232 1794 ut
1253 1753 1307 1794 de
1329 1768 1405 1794 sua
1425 1768 1592 1808 semper
1613 1769 1713 1796 con-

185 1815 437 1872 gregacione
471 1813 648 1855 liberam
686 1811 843 1853 Prioris
875 1811 1129 1852 electionem
1160 1811 1375 1860 habeant3
1407 1820 1447 1852 et
1470 1811 1542 1867 qui
1564 1827 1713 1854 eorum

185 1875 394 1917 electione
421 1873 542 1914 Prior
562 1869 705 1919 fuerit,
730 1869 882 1924 ipsum,
907 1878 950 1910 et
973 1884 1063 1918 eos,
1089 1877 1132 1910 et
1154 1883 1301 1909 omnes
1324 1868 1535 1919 ecclesias,
1560 1877 1709 1921 terras,

182 1941 224 1974 et
245 1930 530 1986 possessiones
551 1942 712 1977 eorum,
736 1927 777 1967 in
801 1941 896 1967 mea
917 1926 1163 1967 defensione
1184 1926 1345 1980 suscepi
1361 1941 1372 1974 3
1395 1937 1452 1976 et,
1476 1928 1712 1970 secundum

182 1990 400 2045 antiquam
430 1984 784 2028 Lindisfarnensis
808 1984 1012 2025 Ecclesiae
1033 1983 1300 2038 dignitatem,
1328 1984 1465 2025 Priori
1487 1984 1710 2028 dexteram

184 2046 384 2102 Episcopi
420 2045 496 2095 sui,
535 2052 577 2085 et
610 2042 793 2097 primum
829 2042 969 2083 locum
1004 2050 1047 2082 et
1079 2041 1287 2083 honorem
1322 2043 1363 2082 in
1395 2043 1589 2084 omnibus
1611 2054 1709 2099 post

183 2105 460 2160 Episcopum,
494 2110 538 2143 et
569 2101 610 2141 in
632 2100 811 2141 ecclesia
834 2099 1116 2140 Dunelmensi
1139 2100 1282 2141 sedem
1310 2100 1490 2142 Abbatis
1512 2101 1554 2141 in
1576 2101 1708 2144 choro

180 2164 362 2212 sinistro,
382 2169 426 2202 et
447 2158 589 2201 omnia
609 2157 746 2200 officia
767 2168 809 2198 et
824 2157 924 2212 jura
948 2157 1126 2199 Abbatis
1149 2172 1275 2213 super
1296 2158 1525 2200 monachos
1548 2168 1591 2200 et
1613 2159 1708 2201 illo-

179 2236 273 2263 rum
309 2218 609 2276 possessiones,
644 2214 815 2256 nomine
852 2215 1023 2265 Prioris,
1048 2215 1260 2265 concessi;
1290 2230 1339 2257 ac
1361 2231 1488 2271 super
1508 2217 1705 2260 ecclesias

178 2293 341 2327 eorum,
376 2285 418 2318 et
444 2275 617 2317 clericos
639 2272 825 2315 ecclesiis
846 2273 1148 2323 deservientes,
1172 2288 1274 2329 quas
1295 2289 1373 2329 per
1399 2274 1705 2330 Episcopatum

180 2336 515 2379 Dunelmensem
538 2334 825 2388 cujuscunque
847 2331 1078 2387 largicione
1100 2331 1274 2386 adipisci
1296 2331 1526 2387 potuerint,
1552 2334 1707 2375 Archi-

177 2396 425 2437 diaconatus
462 2391 649 2433 officium
685 2391 745 2432 eis
778 2390 1054 2439 confirmavi3
1087 2389 1284 2446 quatinus
1318 2390 1495 2431 liberam
1529 2391 1705 2446 disposi-

177 2454 343 2495 cionem
375 2450 563 2492 omnium
595 2463 734 2490 rerum
766 2463 936 2489 suarum
957 2448 1047 2489 sine
1069 2447 1246 2503 alicujus
1268 2449 1498 2490 exaccione
1521 2450 1587 2490 vel
1607 2465 1704 2505 gra-

176 2511 340 2553 vamine
364 2509 403 2549 in
426 2517 624 2550 eternum
649 2506 909 2562 possideant.
971 2507 1188 2548 Praeterea
1208 2506 1264 2547 do
1286 2515 1328 2548 et
1350 2507 1541 2548 concedo
1563 2507 1702 2550 Priori

177 2579 218 2610 et
251 2566 466 2610 monachis
503 2564 647 2608 Sancti
683 2564 928 2613 Cuthberti‚
961 2564 1203 2620 ubicunque
1233 2564 1374 2620 aliqua
1395 2573 1638 2608 tenementa
1659 2566 1701 2607 in

177 2642 310 2681 regno
348 2640 443 2666 meo
480 2623 718 2670 habuerint,
758 2632 804 2664 ut
835 2622 1019 2663 habeant
1047 2624 1204 2663 curiam
1227 2637 1361 2672 suam,
1386 2637 1479 2663 cum
1503 2623 1699 2665 omnibus

176 2686 315 2733 rebus,
355 2697 449 2738 quae
482 2682 535 2722 ad
569 2681 729 2722 curiam
752 2679 977 2734 pertinent,
1002 2695 1098 2721 cum
1121 2680 1246 2721 sacha
1267 2691 1310 2722 et
1331 2680 1489 2721 sochna
1510 2690 1552 2722 et
1574 2681 1634 2722 tol
1656 2691 1700 2723 et

176 2752 287 2784 team
322 2751 363 2782 et
396 2738 696 2794 infangenthef
712 2746 750 2779 et
776 2738 926 2789 wrcch,
950 2748 993 2779 et
1017 2738 1134 2779 liberi
1158 2737 1239 2779 sint
1265 2739 1419 2795 ubique
1443 2739 1495 2780 de
1518 2738 1698 2781 foresta-
