1807 2962
439 73 715 106 APPENDIX.
744 73 863 105 ANN.
892 71 1199 106 Mccchxn.
1393 64 1599 113 cccxlvii

62 182 205 225 vicarii
235 182 278 222 in
309 180 593 235 spiritualibus
626 180 851 235 generalis,
890 180 1070 221 salutem
1103 180 1147 222 in
1184 197 1236 223 eo
1272 181 1344 238 qui
1386 192 1450 226 est
1482 186 1595 228 salus

62 240 211 284 omnis.
297 239 428 294 Cupit
469 239 745 280 vehementer
785 238 966 279 honesta
994 246 1037 279 et
1068 238 1223 280 devota
1262 240 1414 282 mulier
1455 243 1594 287 Alieia

68 298 354 354 Swelyngton‚
388 296 537 338 relicta
559 296 784 337 Willielmi
812 295 1087 351 Swelyngton
1119 297 1330 353 aimmigmi,
1355 314 1491 354 nuper
1521 301 1597 343 de-

62 356 210 405 functi,
250 354 394 395 velum
416 354 631 395 viduitatis
667 353 892 408 suscipere,
916 354 994 394 sub
1030 369 1116 409 quo
1149 332 1343 405 intendit,
1366 366 1413 398 ut
1434 359 1594 425 asserit,

62 428 151 454 suae
182 412 396 454 viduitatis
427 411 679 466 pudiciciam
704 411 790 452 Do
793 411 895 451 nino
918 426 1176 453 conseerale.
1239 412 1332 453 Nos
1363 428 1478 465 vero,
1504 418 1596 472 ejus

63 470 135 526 pio
156 468 374 525 proposito
397 469 611 519 divinitus,
636 477 683 510 ut
703 468 1164 523 credimus‚i1nspirat0,
1188 469 1391 521 faventes,
1415 473 1469 513 ad
1491 475 1598 515 ieci-

62 528 268 593 piendum
300 542 325 568 a
355 526 559 581 praedicta
592 525 728 568 Alieia
760 526 1043 567 continenciae
1075 535 1234 577 votum,
1258 542 1307 568 ac
1333 528 1472 570 eidem
1495 545 1597 572 con-

64 584 271 628 versionis
320 598 395 625 seu
456 583 669 625 viduitatis
721 583 863 624 velum
913 583 1201 639 annulumque
1251 593 1296 626 et
1346 588 1596 630 mantellum

64 642 341 709 conferendaz
361 656 527 683 necnon
549 641 631 682 alia
651 640 846 682 facienda
876 650 918 682 et
948 642 1201 691 exercenda,
1226 657 1323 698 quae
1343 644 1434 685 fieri
1457 646 1598 688 solent

64 701 176 742 circa
196 714 424 755 piaem1ssa,
449 699 567 740 vobis
588 699 759 755 plenam
790 698 834 739 in
868 698 1058 740 Domino
1085 700 1388 742 committimus
1409 711 1599 758 potesta-

69 774 137 799 em
175 772 254 813 pei
293 766 540 813 plaesentes.
603 757 656 798 In
697 770 879 812 quorum
920 756 1209 798 testimonium
1250 758 1435 813 sigillum
1468 761 1595 803 officii

65 816 288 857 vicariatus
329 815 463 856 nost1i
504 813 785 870 praesentibus
837 815 991 869 apponi
1041 814 1238 856 fecimus.
1315 817 1434 859 Data
1484 820 1599 874 apud

66 874 295 929 Hoghton‚
311 887 425 914 xvm
443 872 511 914 die
526 872 677 913 mensis
697 872 724 914 J
728 886 902 923 annam,
923 888 1035 914 anno
1055 872 1230 914 Domini
1253 875 1478 917 millesimo
1493 891 1598 920 cccc

64 932 332 988 sexagesimo
363 931 514 985 primo.

128 989 321 1053 Quarum
339 989 491 1044 quiden
487 1005 507 1028 i
527 988 669 1030 litelai
672 1002 741 1028 um
760 987 1024 1038 auctoritate,
1041 988 1206 1030 decimo
1220 1004 1335 1031 nono
1355 990 1426 1033 die
1443 994 1598 1034 mensis

63 1046 273 1102 praedicti,
307 1045 350 1087 in
387 1047 554 1088 Galilea
583 1045 775 1087 ecclesiae
797 1045 1051 1088 cathedralis
1073 1047 1304 1101 praedictae,
1327 1060 1475 1091 votum
1497 1065 1599 1092 con-

65 1104 262 1146 tinenciae
299 1113 342 1145 et
388 1114 603 1159 perpetuae
645 1103 848 1144 castitatis
890 1119 915 1144 a
955 1103 1070 1145 dicta
1113 1104 1251 1146 Alicia
1291 1121 1435 1148 coram
1476 1108 1597 1150 nobis

65 1163 223 1204 ibidem
246 1176 320 1216 pel
323 1162 523 1203 sonal1te1
543 1161 788 1226 constituta,
812 1161 853 1201 in
876 1161 1021 1202 debita
1043 1161 1149 1218 juris
1170 1162 1320 1213 forma,
1344 1165 1597 1220 mcepimus,

64 1235 114 1262 ac
146 1221 282 1262 eidem
316 1219 605 1261 conversionis
637 1228 679 1261 et
709 1228 927 1274 perpetuae
959 1219 1175 1261 viduitatis
1207 1221 1362 1272 velum,
1395 1224 1598 1266 annulum

65 1293 236 1334 quoque
269 1285 311 1319 et
343 1277 601 1327 mantellum,
624 1292 701 1332 per
732 1292 809 1317 nos
839 1276 954 1332 plius
987 1292 1081 1318 cum
1103 1278 1219 1318 omni
1240 1279 1601 1335 solempnitatem

65 1336 218 1378 talibus
240 1336 331 1377 fieii
367 1335 570 1391 requisita
604 1335 844 1385 benedicta,
883 1334 1156 1389 imposuimus
1178 1351 1227 1377 ac
1254 1336 1523 1380 liberavimus
1554 1350 1599 1382 et

66 1394 347 1444 contulimus;
370 1409 418 1435 ac
440 1402 583 1435 cetera
603 1393 779 1434 fecimus
801 1401 844 1434 et
866 1392 1130 1434 exercuimus
1148 1393 1191 1435 in
1212 1394 1291 1436 hac
1311 1405 1432 1450 parte
1452 1412 1599 1439 neces-

65 1453 175 1493 saria
195 1462 238 1494 et
258 1452 312 1494 de
336 1454 433 1508 jure
454 1451 669 1507 lequisita.
735 1451 783 1491 In
804 1465 984 1507 quorum
1007 1451 1296 1493 testimonium
1318 1462 1446 1510 atque
1466 1455 1599 1497 fidem

67 1509 251 1564 sigillum
288 1518 480 1551 nostium
514 1508 792 1565 plaesentibus
829 1518 892 1551 est
926 1524 1175 1564 appensum.
1242 1511 1357 1552 Data
1378 1511 1596 1565 Dunelmi‚

66 1567 150 1620 die,
174 1569 282 1619 loco,
305 1583 462 1618 mense,
486 1576 530 1609 et
551 1582 662 1609 anno
686 1566 861 1608 Domini
893 1567 1453 1623 supradictis.[l461-2.]

241 1876 386 1905 CCLXI.
435 1877 697 1904 MANDATUM
732 1878 930 1905 HENRICI
966 1878 1023 1906 DE
1058 1878 1204 1906 PERCY
1236 1877 1420 1906 COMITIS

639 1935 1014 1964 NORTHUMBRIAE.

607 2027 702 2068 [Lib.
721 2028 876 2062 Sacristae
899 2028 922 2061 f.
948 2030 979 2062 3.
994 2030 1044 2072 b.]

123 2122 193 2163 To
223 2122 279 2164 all
309 2137 456 2164 maner
486 2122 538 2163 of
563 2137 656 2164 men
684 2122 778 2164 that
809 2122 921 2186 thie}
953 2132 1148 2186 present}
1182 2123 1290 2166 shall
1311 2124 1412 2166 here
1442 2139 1490 2166 or
1510 2141 1594 2177 see,

70 2188 223 2243 Henry
258 2188 395 2244 Percy
434 2188 535 2229 Erle
587 2189 636 2229 of
671 2187 1068 2229 Northumberland
1108 2189 1194 2230 and
1230 2189 1411 2232 Warden
1448 2191 1499 2232 of
1522 2191 1596 2233 the

70 2246 321 2287 Estmerche
345 2246 504 2286 towaid
531 2245 731 2287 Scotland
753 2255 875 2301 grety
880 2260 961 2300 nge
982 2245 1026 2286 in
1054 2245 1169 2287 God.
1236 2246 1309 2288 We
1332 2247 1486 2303 charge
1509 2249 1595 2290 and

66 2304 272 2344 comaude
304 2304 345 2343 in
377 2303 529 2358 kyngis
559 2318 682 2343 name
715 2303 765 2343 of
794 2303 993 2357 Englond
1014 2304 1098 2344 and
1130 2303 1180 2343 of
1207 2303 1398 2346 Flaunce
1419 2307 1512 2347 that
1540 2322 1596 2362 ye

65 2361 195 2403 suffer
217 2362 290 2402 the
317 2361 469 2402 Priom
500 2360 550 2401 of
575 2361 788 2402 Duresme
809 2360 872 2400 his
894 2360 1054 2401 biethir
1075 2360 1161 2401 and
1182 2361 1292 2402 thair
1312 2372 1530 2404 servaunts
1552 2366 1594 2405 in

66 2433 194 2475 every
225 2419 346 2474 place
380 2418 526 2459 within
560 2433 639 2459 our
672 2418 895 2472 wardenry
917 2418 1145 2473 peaseably
1167 2418 1232 2459 for
1264 2426 1309 2460 to
1339 2434 1460 2475 passe
1491 2421 1595 2463 with

66 2476 176 2518 thail
211 2477 347 2531 goods
381 2477 466 2517 and
502 2476 612 2517 thair
644 2475 783 2526 catall,
806 2475 904 2516 aftir
938 2475 1009 2516 the
1041 2484 1233 2517 custume
1255 2476 1366 2519 hade
1395 2477 1451 2519 of
1468 2478 1596 2534 longe

67 2543 197 2589 tyme‚
237 2534 474 2589 withoutyn
511 2549 592 2598 any
614 2533 904 2588 interrupcion
946 2547 994 2573 or
1025 2533 1384 2585 disturberaunce,
1409 2536 1562 2577 othir
1552 2553 1595 2578 m

68 2592 202 2633 thaire
238 2605 419 2654 person}
458 2606 506 2633 01
537 2607 579 2632 1n
611 2591 723 2633 thair
758 2591 907 2645 goods,
931 2605 1076 2646 uppon
1106 2606 1244 2647 payne
1278 2592 1370 2634 that
1394 2608 1490 2650 may
1521 2594 1595 2637 fall

68 2657 162 2698 ther
184 2672 328 2712 uppon
350 2665 395 2698 to
418 2672 554 2701 come.
621 2656 670 2697 In
694 2655 886 2697 witnesse
911 2656 1100 2698 whereof
1113 2665 1157 2698 to
1180 2657 1292 2722 thei}
1315 2668 1510 2724 plesentg
1533 2677 1596 2704 we

67 2722 174 2765 have
196 2731 271 2778 put
293 2738 371 2766 our
393 2724 492 2767 scal.
562 2721 706 2765 Giffen
728 2730 771 2764 at
795 2721 1017 2774 Duresme,
1035 2722 1106 2765 the
1130 2737 1274 2767 xxvm
1297 2724 1380 2783 day
1403 2725 1453 2768 of
1465 2727 1596 2770 Janu-
