1807 2962
137 104 292 154 cxlviii
442 119 577 152 mser.
606 119 841 152 DUNELM.
870 94 1177 152 SCRIPTORES
1203 119 1346 152 TRES.

134 227 341 277 ecclesiae,
393 226 465 283 qui
514 241 593 281 pro
634 235 825 281 tempore
856 226 1028 275 fuerint,
1070 224 1207 275 mitra,
1250 226 1404 267 baculo
1444 225 1660 281 pastorali,

134 285 309 334 annulo,
332 299 381 325 ac
402 285 621 334 sandaliis,
645 294 689 325 et
709 285 798 324 aliis
820 283 1133 338 pontificalibus
1156 283 1356 336 insigniiS,
1380 284 1509 324 libere
1532 283 1663 337 possi-

133 342 186 383 tis
209 342 283 391 uti,
316 341 359 382 si.
382 352 424 383 et
446 342 487 383 in
511 353 714 398 quantum
747 342 875 396 aliqui
897 341 967 382 alii
993 341 1159 381 Priores
1187 341 1505 381 Cathedralium
1529 340 1665 381 eccle*

134 400 291 441 siarum
323 399 482 440 ordinis
517 402 662 442 Sancti
688 399 907 441 Benedicti
931 398 971 438 in
994 413 1129 452 regno
1153 397 1319 451 Angliae
1340 399 1664 438 consistencium

131 457 212 498 illis
236 465 424 507 utuntur,
448 457 582 498 felicis
601 455 910 497 recordacionis
932 455 1167 496 Alexandri
1188 455 1409 509 Papaeun
1424 455 1662 509 praedeces·-

133 514 241 556 soris
264 515 407 565 nostri,
431 530 526 570 quae
548 514 695 568 incipit
717 515 905 562 Abbates,
929 521 971 553 et
989 513 1083 553 aliis
1100 512 1434 568 quibuscumque
1458 511 1662 553 constitu-

134 572 327 613 cionibus
357 572 597 626 apostolicis
634 572 677 611 in
715 572 975 612 contrarium
1013 572 1138 611 editis
1178 585 1447 626 nequaquam
1488 570 1662 610 obstan-

135 630 248 682 tibus
285 629 402 670 vobis
440 639 482 671 et
519 629 681 670 eisdem
713 627 1027 669 successori-bus—
1052 627 1304 668 anctoritate
1338 626 1571 682 apostolica
1607 627 1662 667 de

132 686 313 741 speciali
343 687 495 740 gracia?
525 695 679 728 tenore
712 685 995 740 praesencium
1031 685 1314 739 indulgemus,
1398 685 1517 726 Nulli
1557 698 1661 736 ergo
1698 722 1701 726 ,

133 744 306 785 omnino
343 744 559 784 hominum
597 744 723 784 liceat
759 743 869 782 hanc
899 742 1095 796 paginam
1128 751 1282 783 nostrae
1315 741 1595 784 concessionis
1617 749 1661 781 et

133 802 364 842 voluntatis
399 800 823 857 infringere.—Data
859 799 1024 849 Romae,
1064 800 1183 854 apud
1223 800 1426 841 Sanctum
1466 800 1660 848 Petrum,

133 872 198 900 x11
222 859 308 910 kal,
333 858 531 915 Augusti,
555 857 826 913 pontificatus
847 858 979 898 nostri
1001 872 1114 898 anno
1135 857 1336 900 secundo.

251 1133 427 1161 CXXXII.
462 1133 520 1160 DE
544 1132 703 1160 MORTE
725 1132 854 1159 THOM
869 1132 898 1158 ²13
916 1132 1123 1159 EPISCOPI
1143 1132 1468 1160 DUNELMENSIS
1488 1132 1544 1159 ET

250 1191 309 1217 DE
344 1191 435 1217 HHS
469 1190 572 1222 QUAE
606 1190 940 1217 EXIGEBANTUR
978 1190 1033 1216 ΕΤ
1069 1190 1298 1221 QUANTUM
1323 1190 1551 1216 ΒΟΙΧΕΒΑ-μ

249 1247 344 1274 TUR
376 1248 599 1274 SACRISTAE
632 1247 933 1274 DUNELMENSI
964 1248 1054 1274 PER
1077 1247 1376 1275 EXECUTORES
1399 1247 1549 1274 1PS1US—

246 1305 336 1333 BRO
361 1304 685 1332 FUNERALIBUS
708 1305 933 1332 EJUSDEM.

779 1382 870 1425 [roi.
889 1385 951 1421 197
968 1384 989 1416 b
1003 1384 1023 1425 }‘

193 1462 320 1503 Anno
352 1462 506 1516 graciae
538 1472 834 1509 Mcchxxxio,
868 1468 1019 1501 octavo
1049 1459 1118 1501 die
1139 1459 1292 1501 mensis
1317 1459 1437 1511 Maii,
1461 1462 1532 1517 qui
1554 1462 1658 1504 seria

130 1528 282 1575 quarta
312 1520 504 1574 contigit,
538 1534 650 1561 anno
681 1519 770 1568 illo,
804 1517 917 1559 circa
938 1518 1083 1558 horam
1107 1517 1191 1558 diei
1213 1532 1382 1568 nonam,
1406 1520 1512 1560 obiit
1532 1520 1657 1561 bonae

133 1577 351 1618 memoriae
387 1578 576 1618 Thomas
609 1577 664 1617 de
705 1575 895 1616 Hatfield
936 1575 1173 1629 Episcopus
1207 1575 1507 1617 Dunelmensis
1544 1578 1659 1631 apud

131 1648 322 1675 mansum
354 1650 475 1675 suum
508 1649 642 1689 prope
681 1633 879 1682 London,
915 1633 1030 1687 quod
1067 1632 1223 1673 dicitur
1260 1632 1480 1674 Aldeford,
1525 1635 1658 1688 Cujus

132 1706 283 1746 corpus
305 1707 400 1733 cum
423 1692 717 1746 solempnitate
738 1699 782 1731 et
802 1690 1047 1740 honestate„
1064 1705 1147 1745 qua
1168 1690 1325 1739 decuit,
1343 1705 1476 1746 usque
1495 1691 1661 1732 Dunel-

132 1748 276 1790 mum*
313 1761 376 1790 est
409 1749 610 1798 delatum,
649 1747 880 1789 comitante
913 1762 1079 1801 semper
1109 1762 1205 1788 cum
1236 1762 1413 1801 corpore
1445 1764 1493 1789 ac
1515 1749 1663 1790 missas

133 1807 284 1860 saepius
317 1807 558 1847 celebrante
593 1806 807 1869 Episcopo
840 1805 1142 1854 Hersordensi,
1171 1819 1266 1845 cum
1289 1805 1430 1846 multis
1451 1806 1541 1846 aliis
1562 1822 1662 1861 per-

129 1863 243 1903 sonis
266 1864 500 1904 valentibus
522 1873 565 1904 et
586 1862 815 1917 praeclaris.
880 1861 1067 1915 Cognita
1087 1870 1223 1902 morte
1246 1862 1438 1915 pastoris,
1463 1864 1659 1905 monachi

133 1919 460 1984 Dunelmenses,
504 1929 705 1984 tanquam
746 1933 824 1972 pro
863 1927 982 1972 patre
1023 1918 1324 1971 benignissimo
1364 1920 1656 1985 condolentes,

132 1978 220 2031 ejus
242 1977 424 2017 animam
448 1977 637 2016 omnium
661 1974 852 2017 Creatori
874 1974 1075 2015 devocius
1095 1976 1505 2026 νεοοῐηιηθηάῑιιἉυῐιϊ
1526 1977 1663 2018 missis

131 2034 298 2074 duobus
320 2033 517 2075 fratribus
540 2034 593 2074 ad
615 2033 834 2073 dominum
858 2032 1024 2085 Regem
1046 2047 1124 2086 pro
1146 2032 1331 2086 eligendi
1351 2033 1528 2075 licencia
1548 2037 1659 2089 opti-

130 2091 301 2134 nenda„
374 2091 563 2139 Interim,
616 2089 950 2144 apropinquante
991 2089 1074 2138 die,
1118 2103 1204 2144 quo
1244 2090 1381 2130 fuerat
1423 2092 1656 2133 tradendus

132 2148 431 2189 ecclesiasticae
469 2147 711 2202 sepulturae,
755 2154 1021 2188 accesserunt
1062 2155 1312 2187 executores
1352 2147 1455 2188 dicti
1496 2149 1658 2190 domini

133 2205 334 2260 Episcopi
367 2206 420 2246 ad
452 2205 671 2246 dominum
707 2204 894 2245 Piiorem
920 2211 1118 2257 rogantes
1140 2204 1348 2259 quatinuS,
1373 2205 1427 2246 ob
1450 2206 1584 2247 bonon
1587 2222 1656 2248 em

131 2265 335 2317 corporis,
370 2271 544 2317 possent
575 2261 788 2312 Veledam,
824 2260 1005 2317 Anglice
1027 2260 1236 2310 chariot,
1226 2277 1269 2302 m
1301 2277 1384 2317 qua
1405 2257 1505 2304 dicti
1527 2264 1656 2318 patris

129 2335 282 2374 empus
314 2321 451 2362 fuerat
482 2319 767 2374 deportatum,
801 2318 924 2359 simul
956 2333 1050 2358 cum
1083 2333 1263 2373 corpme
1289 2320 1330 2358 in
1352 2320 1605 2361 ecclesiam
1595 2336 1659 2361 m-

131 2379 384 2426 troducere3
415 2392 464 2418 ac
492 2385 642 2431 postea
663 2376 793 2440 ipsam
816 2376 1013 2417 v·e1edam
1037 2390 1131 2416 cum
1154 2377 1270 2431 equis
1291 2376 1424 2417 libere
1446 2378 1657 2420 abducere

127 2444 172 2476 et
193 2436 395 2476 rehabere
413 2451 422 2475 z
445 2434 546 2475 alias
569 2433 762 2474 nollent
754 2448 886 2488 ipsam
909 2433 1107 2473 veredam
1129 2432 1234 2473 infra
1255 2433 1503 2475 cimiterium
1521 2436 1658 2476 addu-

129 2506 237 2542 cere,
271 2494 345 2533 sed
377 2503 500 2533 extra
525 2491 774 2532 cimiterium
797 2491 1195 2545 corpus‘deponerffi
1219 2505 1267 2531 ac
1289 2505 1415 2546 super
1436 2492 1659 2534 hominum

128 2549 326 2590 humeros
348 2550 388 2589 In
411 2550 630 2590 eeclesiam
652 2549 905 2603 deportare3
928 2548 1028 2603 quia
1049 2556 1096 2588 ut
1119 2548 1377 2598 asserebant,
1402 2563 1480 2589 nec
1500 2550 1657 2591 vereda

128 2620 207 2647 nec
239 2607 336 2663 equi
359 2606 558 2661 Episcopi
581 2606 760 2656 fuerant,
784 2606 858 2647 sed
881 2606 983 2646 dum
1007 2603 1114 2645 vixit
1135 2605 1216 2646 ista
1236 2613 1277 2646 et
1299 2605 1440 2647 omnia
1461 2606 1544 2648 alia
1563 2622 1590 2648 a
1609 2622 1658 2649 se·

179 2722 194 2737 ·
220 2720 417 2761 [Auklande
434 2722 491 2753 ubi
511 2731 571 2764 per
597 2721 726 2765 aliquot
754 2721 824 2754 dies
853 2720 1053 2765 requievit}
1101 2721 1213 2757 These
1238 2719 1345 2754 words
1369 2731 1425 2754 are
1441 2721 1523 2755 here
1538 2722 1656 2756 struck

130 2765 277 2808 through
296 2767 376 2799 with
396 2766 453 2800 the
470 2776 545 2807 peu,
