1807 2962
518 129 792 161 APPENDIX.
831 128 951 159 ANN.
981 128 1177 159 MDxm.
1411 113 1606 161 ccccxiii

323 455 541 484 cccxxlll.
576 455 850 483 INDENTURA
868 455 1044 484 THOMAE
1066 455 1364 487 HASIIEWELL.

649 548 765 593 =[neg.
787 549 831 581 v.
854 547 912 581 f01.
934 549 1024 589 146]

141 642 248 683 Haec
280 641 508 683 indentura
538 641 652 683 facta
673 641 782 682 inter
805 641 1019 682 Thomam
1043 640 1321 695 permissione
1342 642 1485 685 diviua
1518 645 1610 686 Pri-

80 714 196 741 orem
243 700 433 740 ecclesiae
484 699 738 740 cathedralis
792 698 1106 748 Dunelmensis‚
1141 712 1196 739 ex
1246 714 1330 740 una
1379 710 1515 755 parte,
1568 711 1611 744 et

82 757 293 798 Thomam
330 756 574 798 Hashewell
605 765 835 804 cantorem,
860 769 916 796 ex
938 765 1060 810 parte
1083 755 1231 806 altera,
1265 765 1460 808 testatur,
1494 761 1611 815 quod

79 813 190 856 idem
227 815 416 855 Thomas
449 823 514 855 est
544 822 736 854 retentus
768 822 811 853 et
842 813 1018 853 firmiter
1041 813 1212 868 juratus
1243 815 1297 855 ad
1343 816 1612 858 serviendum

79 872 196 913 dicto
231 872 367 913 Priori
411 881 453 913 et
486 871 773 913 succesoribus
819 870 920 920 suis,
966 871 1075 912 bene
1106 880 1149 912 et
1181 871 1365 913 fideliter
1397 889 1527 929 usque
1558 875 1613 916 ad

81 929 306 969 terminum
341 929 440 971 vitae
485 943 586 978 suae,
619 929 697 970 sub
740 930 876 969 forma
921 927 1213 983 infrascripta3
1266 930 1465 972 videlicet
1495 932 1613 987 quod

78 986 192 1027 idem
226 987 415 1028 Thomas
450 986 697 1028 Hashewell
721 986 813 1027 illos
844 986 1072 1027 monachos
1105 986 1415 1029 Dunelmenses
1447 998 1491 1030 et
1512 1000 1611 1031 octo

76 1058 231 1098 pueros
264 1045 485 1094 seculares,
518 1059 623 1100 quos
650 1044 771 1084 Prior
795 1043 1107 1093 Dunelmensis,
1145 1044 1211 1084 vel
1245 1045 1335 1099 ejus
1368 1046 1610 1101 deputatUS‚

78 1102 355 1156 assignaverit
386 1102 463 1143 sibi
496 1103 550 1143 ad
571 1101 836 1151 discendum,
856 1101 1021 1142 assidue
1054 1110 1096 1142 et
1119 1101 1344 1156 diligenter
1375 1112 1417 1145 et
1449 1105 1612 1146 meliori

79 1161 221 1209 modo,
255 1175 340 1215 quo
371 1161 552 1209 sciverit,
586 1168 671 1200 tam
694 1159 748 1200 ad
785 1158 1088 1200 modulandum
1121 1174 1248 1214 super
1279 1175 1451 1217 organa,
1485 1177 1612 1218 quam

78 1218 132 1258 ad
155 1218 327 1272 planum
347 1227 518 1258 cantum
542 1227 583 1258 et
606 1218 866 1272 organicum,
891 1217 1160 1258 decantando
1182 1217 1342 1259 scilieet
1363 1219 1609 1276 planesong,

78 1276 283 1329 priknott‚
317 1275 540 1324 fabul-don,
574 1275 781 1324 dischaut,
816 1282 1063 1323 swarenote,
1098 1283 1141 1315 et
1175 1284 1365 1326 countre,
1404 1286 1612 1333 quantum

78 1334 119 1373 in
145 1333 236 1387 ipso
258 1343 321 1374 est
349 1333 481 1387 gratis
512 1332 723 1374 laborabit
755 1343 798 1374 et
828 1331 1085 1376 informabit.
1150 1334 1215 1373 Ac
1247 1333 1433 1387 prefatos
1465 1348 1612 1377 mona-

79 1390 185 1431 chos
208 1399 248 1431 et
271 1399 370 1431 octo
393 1405 559 1445 pueros,
595 1399 641 1432 ut
671 1390 941 1445 premittitur,
966 1398 1116 1446 quater
1137 1391 1251 1430 omni
1273 1391 1341 1431 die
1365 1392 1528 1438 feriato,
1554 1393 1615 1433 vi-

85 1447 239 1489 delicet
262 1448 324 1488 b-is
346 1461 445 1489 ante
489 1448 704 1489 meridiem
746 1457 789 1490 et
821 1448 884 1489 bis
918 1455 1013 1502 post
1044 1447 1278 1498 meridiem,
1312 1448 1539 1506 diligenter
1569 1459 1614 1491 et

83 1505 342 1547 sufficienter
372 1505 557 1555 docebit,
591 1521 821 1562 eorumque
843 1505 1066 1554 lecciones,
1087 1505 1216 1546 nichil
1247 1506 1300 1546 ab
1322 1506 1380 1547 eis
1412 1507 1465 1548 de
1490 1507 1613 1548 dictis

83 1563 271 1604 scienciis
323 1563 406 1604 suis
457 1563 722 1605 occultando.
787 1563 1027 1605 Tenebitur
1077 1562 1221 1619 itaque
1269 1563 1380 1606 idem
1423 1564 1614 1607 Thomas

83 1621 323 1662 Hashewell
347 1622 543 1662 omnibus
566 1630 608 1662 et
630 1621 802 1678 singulis
829 1621 977 1671 missis,
1002 1622 1199 1675 vesperiS,
1230 1630 1272 1662 et
1302 1623 1422 1663 Salve
1452 1626 1609 1676 reyina,

82 1679 125 1718 in
149 1679 281 1719 choro
314 1679 501 1719 ecclesiae
525 1679 777 1720 cathedralis
801 1678 1106 1720 Dunelmensis
1127 1678 1343 1733 predIctae,
1378 1695 1474 1720 cum
1496 1681 1613 1735 prik-

81 1745 198 1785 note,
237 1735 500 1786 dischaunte‚
543 1737 765 1786 fabul-don,
800 1746 841 1778 et
882 1736 1085 1792 organico
1121 1745 1246 1776 cantu
1288 1737 1546 1792 conjunctim
1569 1747 1612 1780 et

81 1793 249 1833 divisim
290 1794 569 1844 celebrandis,
605 1809 630 1835 a
670 1793 876 1849 principio
910 1794 1211 1848 praedictorum
1243 1804 1442 1835 cantuum
1476 1811 1611 1852 usque

83 1850 138 1890 ad
161 1851 288 1891 finem
331 1851 511 1901 illorum,
555 1851 631 1892 nisi
654 1853 792 1907 ipsum
827 1851 968 1907 aliqua
1003 1850 1195 1905 legitima
1230 1866 1356 1892 causa
1390 1852 1609 1907 impediat,

83 1909 362 1962 personaliter
379 1909 592 1960 interesse,
611 1910 870 1951 modulando
889 1909 1046 1950 ibidem
1062 1923 1185 1963 super
1202 1924 1372 1962 organa,
1391 1910 1424 1950 si
1438 1925 1610 1952 necesse

82 1965 224 2016 fuerit,
260 1979 536 2023 tenoremque
571 1968 625 2008 ad
657 1976 803 2008 cantus
837 1966 1100 2021 supradictos
1136 1967 1343 2017 canendo,
1383 1976 1457 2009 aut
1488 1968 1613 2010 aliam

82 2033 248 2077 partem
289 2024 382 2065 voci
416 2040 504 2066 suae
546 2026 677 2081 magis
715 2033 1035 2079 congruentem,
1079 2039 1104 2065 a
1144 2033 1396 2079 precentore
1419 2041 1493 2067 seu
1523 2027 1612 2081 ejus

84 2081 223 2122 locum
258 2091 434 2137 gerente
467 2082 735 2137 assignatam.
799 2084 856 2124 Et
889 2082 1104 2124 tenebitur
1141 2082 1296 2124 cotidie
1329 2084 1613 2137 personaliter

82 2139 284 2180 interesse
320 2140 458 2180 missae
493 2141 633 2182 beatae
668 2140 822 2182 Mariae
864 2140 1049 2197 Virginis
1087 2155 1182 2181 cum
1219 2150 1323 2181 nota
1355 2141 1398 2182 in
1445 2141 1612 2184 Galilea

86 2196 367 2238 Dunelmensi
407 2199 686 2249 celebrandae,
730 2199 922 2239 canendo
958 2198 1012 2239 ad
1046 2198 1225 2238 eandem
1248 2198 1414 2239 missam
1438 2199 1612 2253 planum

84 2264 255 2295 cantum
276 2256 363 2296 sive
386 2256 647 2309 organicum,
691 2256 855 2296 meliori
882 2255 1009 2296 modo
1047 2270 1133 2310 quo
1170 2255 1338 2296 sciverit
1367 2264 1411 2296 et
1433 2257 1607 2310 poterit,

79 2312 190 2353 sicut
212 2313 436 2366 contigerit
454 2313 555 2353 alios
578 2313 733 2354 ibidem
748 2322 916 2354 cantare
937 2327 1016 2367 pro
1034 2321 1237 2366 tempore,
1261 2312 1338 2353 nisi
1360 2313 1548 2365 legitima
1569 2324 1613 2356 et

84 2384 237 2424 magua
258 2386 385 2412 causa
405 2371 539 2425 ipsum
564 2370 780 2425 impediat.
844 2370 901 2410 Et
923 2370 954 2409 si
978 2369 1069 2411 talis
1092 2384 1219 2410 causa
1239 2370 1469 2421 emerserit,
1495 2372 1612 2426 quod

81 2426 243 2471 ibidem
278 2428 452 2470 alternis
492 2428 654 2469 vicibus
696 2428 893 2468 interesse
921 2442 1005 2467 non
1045 2426 1214 2480 poterit,
1258 2427 1385 2468 alium
1427 2428 1611 2482 peritum

82 2487 268 2529 habilem
290 2495 333 2527 et
354 2486 571 2542 ydoneum
595 2487 683 2541 ejus
705 2485 800 2525 loco
821 2484 1080 2538 subrogabit.
1144 2484 1379 2526 Tenebitur
1400 2487 1531 2527 eciam
1555 2487 1609 2528 ad

84 2546 355 2586 vocacionem
378 2543 648 2598 praecentoris
662 2542 851 2597 praefatae
866 2542 1054 2583 ecclesiae
1069 2541 1318 2583 cathedralis
1344 2543 1612 2584 Dunelmen-

85 2603 139 2644 sis
171 2618 244 2644 seu
276 2605 364 2658 ejus
389 2602 528 2642 locum
552 2601 730 2641 tenentis
753 2615 830 2654 pro
853 2600 1047 2640 cantibus
1074 2599 1364 2654 providendis.
1431 2601 1609 2656 Insuper

85 2661 196 2701 idem
241 2660 445 2708 Thomas,
495 2658 686 2714 quolibet
727 2673 852 2707 anno,
896 2657 1077 2698 durante
1128 2656 1307 2697 termino
1348 2659 1606 2712 supradicto,

84 2717 285 2774 quamdiu
310 2719 416 2758 bene
437 2725 479 2758 et
500 2716 678 2757 comode
700 2716 890 2756 laborare
912 2714 1080 2769 poterit,
1119 2729 1242 2755 unam
1268 2729 1417 2755 novam
1441 2717 1609 2756 missam

86 2789 268 2836 quatuor
292 2776 355 2819 vel
390 2775 575 2830 quinque
597 2775 799 2828 parcium,
840 2772 905 2813 vel
947 2772 1106 2829 aliquid
1143 2772 1181 2813 ei
1219 2773 1474 2828 equivalens,
1499 2775 1608 2815 sicut
