1807 2962
190 114 335 162 xxviii
502 132 641 164 HIST,
666 132 906 163 DUNELM.
936 129 1239 163 SCRIPTORES
1269 128 1416 164 snas>

428 361 521 389 xv1.
557 362 701 389 CARTA
723 361 773 391 W.
799 360 857 388 DE
882 358 1205 388 RELAXACIONE
1231 360 1377 388 GILDAE
1401 360 1457 389 DE

800 419 1108 449 NORTHTEISE.

815 498 927 540 {Cart-
941 498 972 530 1.
982 497 1004 530 f.
1014 498 1087 538 46.]

252 576 496 618 willielmus
536 577 635 618 Rex
670 575 922 630 Anglorum,
961 574 1146 616 Thomae
1186 574 1532 630 Archiepiscopo,
1571 582 1612 615 pt
1647 569 1717 616 H.

189 635 456 686 vicecomiti,
479 644 523 676 et
547 635 603 676 R.
630 633 878 688 Paganello,
901 645 943 674 et
965 634 1161 676 omnibus
1187 633 1425 674 Baronibus
1453 640 1497 673 et
1518 631 1713 673 fidelibus

190 696 276 738 suis
308 694 502 737 salutem.
569 691 778 746 Praeeipio
811 700 854 732 et
888 691 985 732 volo
1019 700 1067 732 nt
1103 692 1159 734 G.
1183 690 1483 732 Dunelmensis
1506 689 1634 730 modo
1656 689 1719 730 ita·

188 755 300 795 bene
332 763 375 793 et
405 751 641 793 honorifice
673 758 717 791 et
747 750 790 790 in
812 764 915 804 pace
936 758 1080 791 teneat
1101 759 1232 792 terras
1255 757 1297 790 et
1319 747 1647 790 consuetudines
1670 757 1714 788 et

188 813 381 853 homines
399 819 441 851 et
463 810 689 865 passagios,
709 818 753 849 et
774 822 922 849 omnes
938 822 1018 858 res,
1043 823 1147 864 quas
1168 807 1298 848 modo
1311 807 1365 848 de
1382 821 1450 847 me
1471 815 1588 847 tenet
1605 804 1716 846 infra

188 872 340 912 urbem
371 878 414 910 et
443 878 579 918 extra,
613 867 721 908 sicut
752 881 939 923 unquam
963 866 1225 908 VVillielmus
1258 865 1559 906 Dunelmensis
1593 862 1720 917 Epis-

189 943 320 984 copus
356 926 507 968 melius
542 935 586 968 et
622 924 808 982 quiecius
844 925 887 965 in
924 925 1011 965 vita
1041 940 1117 965 sua
1147 923 1299 965 tenuit.
1365 923 1421 964 Et
1442 922 1643 977 praecipio
1665 930 1713 962 ut

188 988 305 1029 nullo
341 984 485 1036 modo,
522 1001 547 1027 a
581 985 725 1034 modo,
758 982 932 1039 aliqnod
962 982 1063 1036 geld
1093 982 1146 1023 de
1182 980 1383 1022 Norteisa
1417 979 1718 1034 interrogetis;

190 1045 288 1102 quia
303 1043 400 1087 volo
414 1044 587 1085 omnino
601 1051 648 1083 ut
662 1041 914 1090 dimittatur,
929 1055 1008 1081 nec
1030 1040 1202 1096 aliquod
1219 1039 1405 1080 namium
1420 1038 1598 1092 amplius
1613 1038 1715 1078 inde

185 1104 376 1203 &capiatis
442 1101 642 1144 Testibns
679 1099 741 1141 W.
778 1098 992 1154 Episcopo
1023 1106 1065 1139 et
1102 1098 1167 1138 W.
1197 1097 1251 1139 de
1274 1097 1391 1138 Abb.
1412 1106 1454 1139 et
1475 1096 1536 1138 W.
1560 1096 1613 1138 de
1639 1095 1716 1137 Al-

216 1177 353 1204 cneio,

301 1403 407 1433 xvn.
443 1401 590 1429 CARTA
626 1399 879 1427 wlLLIELml
916 1399 1052 1426 PRIMI
1086 1388 1329 1436 [SECUNDI]
1362 1398 1421 1425 NE
1444 1398 1600 1426 ΜοΝΑ-Γ

305 1461 385 1489 cm
418 1459 676 1487 PLACITENT
709 1458 766 1485 DE
799 1457 964 1485 TERms
989 1457 1037 1484 1N
1061 1456 1232 1488 QUIBUS
1256 1456 1410 1484 ERANT
1434 1457 1592 1484 sE1sir1

302 1519 380 1547 Dm
405 1519 497 1550 QUA
519 1516 812 1545 wumnmms
836 1515 1079 1544 EPISCOPUS
1102 1514 1330 1544 DECESSIT.

800 1593 911 1634 [Cart.
929 1593 959 1626 1.
986 1592 1008 1625 f.
1025 1593 1096 1637 46.]

249 1674 498 1716 Willielmus
535 1673 632 1714 Rex
674 1671 924 1727 Anglorum,
966 1670 1149 1711 Thomae
1189 1668 1533 1723 Archiepiscopo,
1572 1675 1616 1709 et
1655 1668 1712 1709 R,

188 1734 416 1789 Episcopo,
440 1741 484 1773 et
505 1731 701 1772 omnibus
718 1728 1050 1771 Vicecomitibus
1073 1728 1157 1771 suis
1174 1737 1216 1769 et
1233 1727 1441 1778 fidelibus,
1459 1726 1712 1781 francigenis

185 1801 230 1833 et
265 1791 439 1845 anglicis
475 1788 595 1844 regni
636 1787 816 1842 Angliae‚
852 1787 1045 1828 salutern.
1108 1785 1318 1840 Praecipio
1353 1794 1395 1826 et
1425 1785 1625 1835 defendo,
1656 1799 1715 1825 ne

186 1848 397 1899 monachi,
422 1849 490 1889 vel
511 1847 703 1888 homines
731 1845 873 1887 Sancti
898 1844 1138 1894 Cuthberti,
1165 1844 1249 1884 ullo
1271 1843 1400 1884 modo
1421 1843 1622 1897 placitent
1644 1842 1712 1883 vel

184 1907 486 1961 respondeant,
523 1905 576 1946 de
613 1903 732 1944 terris
766 1904 830 1944 vel
862 1902 1117 1951 hominibus,
1142 1902 1206 1942 ve]
1230 1900 1620 1950 consuetudinibus,
1644 1899 1713 1941 vel

185 1965 274 2006 aliis
295 1965 434 2014 rebus,
459 1963 512 2004 de
534 1962 686 2018 quibus
704 1960 833 2002 saisiti
852 1968 985 2009 erant,
1005 1960 1074 2001 die
1095 1974 1179 2015 qua
1196 1958 1456 1999 Willielmus
1476 1958 1715 2013 Episcopus

188 2021 493 2064 Dunelmensis
525 2020 643 2060 vivus
675 2028 719 2060 et
749 2028 937 2059 mortuus
958 2017 1053 2061 fuit.
1120 2017 1204 2059 Sed
1226 2017 1286 2056 ita
1305 2017 1415 2057 bene
1438 2025 1481 2057 et
1503 2015 1646 2071 quiete
1668 2025 1711 2057 et

186 2081 229 2123 in
259 2095 364 2135 pace
395 2079 536 2121 omnia
566 2093 654 2127 sua,
688 2092 785 2118 cum
815 2091 911 2117 saca
932 2084 973 2117 et
995 2091 1093 2117 soca
1114 2084 1157 2116 et
1175 2074 1233 2116 tol
1257 2084 1299 2115 et
1321 2083 1433 2115 team
1455 2083 1498 2115 et
1519 2074 1714 2129 infange-

187 2139 293 2188 thes,
330 2147 373 2179 et
406 2136 602 2179 omnibus
635 2135 726 2176 aliis
757 2133 1145 2183 consuetudinibus,
1179 2133 1286 2173 infra
1316 2133 1497 2187 burgum
1522 2140 1566 2172 et
1588 2141 1713 2173 extra

186 2205 371 2246 teneant,
395 2195 499 2236 sicut
518 2194 666 2235 melius
689 2202 914 2234 tenuerunt
937 2192 979 2232 in
1001 2192 1206 2247 praedicto
1224 2202 1428 2245 tempore.
1485 2190 1541 2231 Et
1559 2189 1591 2230 si
1609 2189 1712 2245 quid

186 2255 286 2297 inde
319 2263 466 2309 postea
497 2253 683 2293 ablatum
706 2261 784 2303 est,
809 2251 1015 2294 reddatur
1037 2252 1109 2294 eis.
1177 2249 1380 2291 Testibus
1406 2249 1482 2290 W.
1505 2248 1715 2290 cancella-

184 2314 261 2365 rio,
287 2322 327 2355 et
357 2313 430 2356 W.
459 2310 692 2354 Peverello.
