1807 2962
455 123 731 156 APPENDIX.
756 124 876 168 ANJN·
906 122 1221 155 mcccxxxvi.
1468 112 1584 159 ccxli

47 240 91 273 et
117 231 310 274 Roberto
332 231 587 289 Heryngton
609 231 853 288 capellanis,
882 230 1093 272 Willelmo
1120 231 1329 281 Overton,
1360 232 1579 274 willelmo

52 289 224 340 Rakett,
253 290 380 331 Ricai
383 292 438 332 do
464 291 711 346 Cassynson,
731 289 926 332 Johanne
950 289 1119 339 Holme,
1144 288 1271 330 Ricai
1275 289 1330 329 do
1351 290 1577 347 Hem3n0—

44 347 197 404 buigh,
221 349 384 389 Jacobo
410 348 664 399 Neuesham,
692 349 885 389 heberto
905 348 996 403 Gry
1002 347 1206 396 ndisdale,
1232 347 1402 388 'lhoma
1423 348 1579 389 Poum-

44 405 194 462 frayte‚
220 406 391 447 Thoma
413 406 729 461 Thorneburgh
745 407 798 447 de
824 406 983 455 Elvett,
1007 415 1050 446 et
1071 405 1346 460 Harsculpho
1367 405 1573 462 Killerby,

42 464 259 519 generosis
296 476 339 505 et
372 464 563 514 literatis,
600 474 643 505 et
677 464 819 505 multis
848 464 938 504 aliis
973 473 1058 504 tam
1091 462 1251 504 clericis
1284 478 1407 519 qnam
1443 463 1574 513 laicis,

45 521 326 563 Eboracensis
356 522 658 564 Dunelmensis
690 531 732 563 et
758 522 1035 562 Karliolensis
1057 522 1302 572 dioceseon,
1322 521 1497 563 testibus
1520 523 1574 563 ad

43 579 259 634 praemissa
280 581 441 622 vocatis
465 580 704 636 specialiter
726 589 768 621 et
790 581 963 634 rogatis.

214 821 335 852 CCXI.
369 821 713 850 TESTAMENTUM
746 821 922 848 THOMAE
947 822 1159 849 LANGLEY
1184 823 1389 850 EPISCOI’I

626 880 966 910 DUNELMENSIS.

386 959 470 1000 [Ex.
490 959 574 1003 Reg.
586 937 718 1001 'Scrope
733 963 768 990 et
787 959 922 1001 Kempe
939 959 972 990 in
990 959 1072 991 Cur.
1090 957 1211 1000 Ebor]

95 1037 144 1078 In
169 1037 341 1077 nomine
370 1037 556 1077 Summae
574 1045 617 1077 et
645 1036 882 1076 individuae
906 1036 1140 1087 Trinitatis,
1168 1037 1304 1078 Patris
1327 1046 1370 1078 et
1395 1037 1488 1079 Filii
1523 1046 1564 1079 et

36 1094 219 1150 Spiritus
243 1095 401 1143 Sancti,
426 1094 764 1149 beatissimaeque
788 1094 865 1135 Dei
888 1095 1113 1151 genetlicis
1137 1107 1178 1137 et
1196 1097 1263 1136 vi1
1266 1095 1373 1150 ginis
1396 1096 1560 1145 Malia),

32 1167 81 1194 ac
114 1153 336 1194 beatorum
373 1152 489 1194 Petri
526 1162 568 1194 et
603 1152 723 1193 Pauli
762 1153 1078 1207 Apostolmum,
1114 1164 1441 1210 sanctorumque
1464 1169 1565 1195 con-

31 1211 236 1252 fessorum
277 1211 505 1253 Cuthberti
538 1220 580 1252 et
619 1210 812 1260 Martini,
844 1225 1013 1252 necnon
1050 1212 1184 1252 tocius
1207 1212 1390 1253 coelestis
1414 1212 1557 1261 curiae,

36 1270 186 1313 Amen.
250 1269 384 1310 Durae
400 1268 543 1310 mortis
558 1268 762 1309 memoria
779 1268 971 1309 rationali
990 1269 1109 1309 nimis
1125 1270 1376 1311 lwedtleletur
1398 1286 1557 1319 amara,

31 1327 126 1377 nisi,
147 1336 247 1382 post
269 1342 434 1368 cursum
459 1327 583 1381 hujus
606 1326 705 1368 vitae
726 1327 966 1368 fluctuantis
988 1328 1205 1378 continue,
1224 1330 1310 1369 vita
1327 1329 1496 1369 beacior
1518 1330 1560 1368 in

29 1386 168 1440 patria
193 1400 301 1440 spe]
290 1394 443 1428 ar.etur
510 1385 565 1426 Et
593 1385 771 1440 proinde
806 1385 1001 1426 humanae
1023 1386 1311 1440 providenciae
1332 1387 1553 1443 satracitas,

26 1443 161 1485 sciens
192 1453 355 1486 naturae
386 1442 552 1498 legibus
583 1442 809 1484 diffinitum
841 1443 955 1499 quod
987 1443 1148 1484 cercius
1171 1444 1226 1484 nil
1251 1454 1401 1494 morte,
1426 1444 1561 1485 incer-

27 1502 116 1543 cius
158 1503 214 1543 nil
255 1502 361 1543 hora.
402 1517 496 1542 mor
502 1500 566 1551 tis,
608 1501 771 1542 solebat
804 1501 951 1542 horam
985 1501 1278 1543 dissolucionis
1311 1502 1556 1557 hujusmodi

28 1561 185 1601 nedum
211 1560 412 1615 operibus
435 1560 630 1600 virtuosis
662 1568 706 1600 et
728 1559 951 1601 meritoriis
975 1561 1049 1601 sed
1072 1560 1205 1601 eciam
1230 1561 1436 1602 bonorum
1460 1576 1560 1601 suo-

27 1633 119 1659 rum
138 1618 457 1674 dispensacione
478 1618 657 1672 provida
678 1618 927 1672 praevenire,
944 1629 988 1659 ut
1003 1620 1061 1660 sio
1084 1619 1189 1660 hora
1209 1619 1300 1674 ipsa
1320 1619 1554 1674 inopinata,

21 1677 208 1732 provida
229 1676 503 1718 ordinacione
526 1687 757 1730 praeventa,
779 1676 916 1717 valeat
933 1678 1119 1718 securius
1140 1677 1372 1732 expectari.
1423 1677 1555 1724 Quod

26 1734 173 1776 debita
196 1735 345 1776 mentis
367 1733 714 1775 consideracione
746 1734 983 1784 revolvens,
1008 1751 1102 1791 ego,
1126 1735 1385 1776 miserrimus
1407 1750 1555 1789 pecca-

26 1802 109 1842 tor,
147 1793 335 1834 Thomas
375 1792 460 1834 Dei
491 1793 631 1846 gratia
660 1807 790 1833 sacrae
814 1792 1110 1833 Dunelmensis
1133 1794 1323 1834 ecclesiae
1345 1793 1551 1842 minister,

25 1850 126 1893 ficet
149 1850 306 1892 inutilis
329 1863 373 1892 et
396 1850 605 1904 indign-us,
631 1849 814 1891 existens
837 1851 975 1891 adhuc
1000 1851 1081 1892 Dei
1105 1853 1242 1905 gratia
1263 1867 1387 1892 sanus
1411 1861 1554 1892 mente

21 1918 66 1950 et
88 1924 280 1964 corpore,
303 1909 437 1950 sciens
460 1919 599 1949 tamen
622 1908 738 1964 quod
759 1908 893 1948 omnis
910 1923 1008 1949 caro
1030 1909 1189 1950 foenum
1207 1920 1250 1950 et
1268 1911 1401 1950 omnis
1418 1910 1554 1963 gloria

21 1967 110 2021 ejus
143 1978 340 2023 tanquam
363 1968 440 2008 flos
458 1966 561 2020 agri,
581 1976 624 2007 et
646 1966 774 2021 quod,
791 1966 918 2020 juxta
938 1967 1138 2021 sapientis
1153 1968 1382 2023 eloquium,
1402 1983 1550 2008 omnes

22 2025 239 2075 morimur,
271 2035 313 2067 et
335 2025 461 2066 velud
483 2029 606 2080 aqu‘ae
627 2025 854 2065 dilabimur
875 2040 1001 2079 super
1023 2035 1175 2067 terram
1196 2041 1206 2074 3
1242 2026 1283 2067 id
1306 2025 1419 2067 circo
1443 2026 1550 2066 Tes-

23 2092 258 2124 tamentum
283 2099 424 2124 meum
446 2083 602 2131 facere,
626 2097 674 2123 ac
706 2083 758 2123 de
780 2082 903 2123 bonis
925 2084 1124 2133 fortunae,
1150 2083 1276 2124 michi
1298 2099 1323 2125 a
1346 2085 1440 2125 Deo
1462 2084 1550 2124 col-

20 2140 127 2191 latis,
146 2141 369 2196 disponere
387 2140 545 2190 censui,
570 2140 609 2180 in
632 2140 745 2181 hunc
765 2141 953 2181 modum.
997 2142 1045 2182 In
1071 2141 1213 2195 primis
1231 2142 1436 2197 siquidem
1454 2142 1550 2195 lego

20 2198 201 2240 animam
225 2215 362 2240 meam
390 2200 485 2240 Deo
507 2199 807 2253 omnipotenti,
827 2201 1007 2239 creatori
1030 2215 1141 2249 men,
1166 2209 1208 2240 et
1229 2215 1384 2255 corpus
1408 2214 1549 2240 meum

20 2257 312 2311 sepeliendum
350 2258 391 2297 in
428 2257 603 2297 ecclesia
642 2271 738 2296 mea
784 2257 1076 2306 Dunelmensi,
1120 2257 1161 2297 in
1204 2258 1369 2312 capella
1411 2258 1548 2298 beatae

24 2314 178 2355 Mariae
206 2314 389 2369 Virginis
422 2323 573 2355 vocata
607 2314 643 2354 le
679 2313 860 2363 Galilee,
885 2313 927 2354 in
966 2314 1059 2354 loco
1081 2315 1134 2355 ad
1158 2315 1237 2355 hoc
1260 2315 1349 2369 jam
1373 2329 1447 2369 per
1479 2330 1547 2355 me

20 2373 239 2437 disposito.
304 2373 361 2414 Et
395 2372 492 2425 lego
526 2382 567 2412 et
587 2371 755 2424 assigno
776 2381 948 2412 centum
974 2372 1097 2412 libras
1126 2372 1412 2426 disponendas
1434 2373 1547 2413 cilca

19 2430 334 2485 reparacionem
357 2439 565 2471 terrarum
598 2439 641 2470 et
677 2439 1012 2469 tenementorum
1036 2444 1115 2484 pio
1137 2430 1394 2485 competenti
1424 2431 1548 2471 dota-

18 2489 142 2529 cione
164 2488 250 2530 sive
272 2487 583 2529 sustentacione
606 2486 728 2527 unius
751 2487 976 2536 Cantariae,
1001 2502 1077 2542 per
1097 2488 1337 2528 Johannem
1359 2488 1543 2529 Newton

17 2557 62 2588 et
83 2546 319 2588 Johannem
345 2546 664 2600 Thoralbyjam
687 2544 906 2585 defunctos
929 2545 1087 2585 dudum
1112 2544 1336 2595 inchoatae,
1361 2547 1414 2587 de
1436 2546 1543 2587 duo-

18 2605 95 2645 bus
132 2604 358 2659 capellanis
390 2604 444 2645 ad
476 2604 606 2644 altare
637 2603 776 2643 beatae
809 2602 959 2643 Mariae
983 2603 1165 2658 Virginis
1188 2605 1230 2644 in
1253 2604 1415 2658 capella
1438 2620 1545 2658 prae-

18 2663 133 2703 dicta
149 2663 292 2703 divina
306 2661 575 2703 celebraturis
594 2662 914 2715 imperpetuum,
928 2661 1055 2715 juxta
1068 2661 1244 2702 formam
1261 2663 1543 2703 ordinacionis

19 2721 235 2776 cujusdam
272 2736 349 2776 per
382 2719 580 2775 praefatos
616 2719 859 2760 Johannem
885 2728 928 2759 et
950 2719 1184 2760 Johannem
1208 2720 1260 2760 de
1283 2720 1396 2761 dicta
1429 2721 1543 2762 Can-

20 2778 126 2820 taria
144 2778 280 2827 faetae,
307 2779 415 2819 ultra
438 2777 577 2819 omnia
602 2784 733 2818 terras
757 2785 796 2817 et
822 2785 1065 2819 tenementa
1088 2777 1127 2818 in
1155 2778 1244 2832 ipsa
1266 2778 1539 2820 ordinacione

775 2849 801 2879 Q
