1807 2962
506 77 784 109 APPENDIX.
822 78 942 109 ANN.
973 78 1250 111 MCCCCLVI.
1388 69 1624 116 CCCXXXlX

96 182 211 224 dicta
244 182 366 226 Cella
396 183 533 225 eidem
559 183 744 225 terminis
768 184 977 226 consuetis
998 185 1296 227 ministrandis.
1365 188 1446 229 Pro
1468 190 1619 245 quibus

94 240 266 296 quidem
289 241 484 283 oneribus
506 242 802 296 supportandis
823 253 864 283 et
887 243 1166 294 inveniendis,
1196 244 1317 285 Prior
1339 246 1392 286 de
1420 247 1619 301 Fynclzall

93 298 301 353 percipiet
323 299 540 340 annuatim
564 301 617 340 de
641 300 898 341 monasterio
921 301 1198 341 Dunelmensi
1215 302 1359 355 viginti
1384 303 1521 354 libras,
1547 306 1616 346 ubi

95 356 221 397 Prior
255 357 570 407 Dunelmensis,
606 372 683 412 pro
715 366 906 412 tempore
941 359 1141 408 existens,
1170 360 1446 413 assignaverit
1469 364 1618 416 recipi-

93 413 250 459 endas:
283 415 406 455 rohas
444 416 614 470 insuper
649 430 727 470 pro
760 415 857 470 iiij⁰r
889 417 1170 457 servientibus
1203 417 1287 458 suis
1320 419 1532 472 praediCtis
1564 421 1618 460 de

91 471 284 513 bursario
325 472 607 514 Dunelmensi
643 472 815 528 singulis
848 473 966 513 annis
999 474 1219 529 percipiet,
1256 490 1339 516 una
1372 490 1466 516 cum
1504 477 1618 519 dicta

91 531 296 583 pensione
317 530 600 586 quadraginta
620 530 819 571 librarum
837 531 891 571 de
910 531 1121 585 praedictis
1143 532 1346 582 manerio,
1369 533 1616 585 hostillario,

89 586 262 638 vicario,
297 597 337 629 et
371 589 573 642 magistro
606 587 645 627 in
668 588 1010 643 supplementum
1033 590 1208 630 aliarum
1232 605 1511 644 expensarum
1534 593 1617 633 sin-

88 645 201 701 gulis
223 645 342 686 annis
363 645 743 701 percipiendarum,
777 645 819 686 in
851 646 988 687 forma
1017 647 1207 701 superius
1228 658 1498 702 expressatag
1531 666 1617 691 sus-

89 703 329 745 tentacione
365 719 440 744 sua
475 703 583 744 infra
614 704 916 744 monasterium
956 704 1244 746 Dunelmense
1268 706 1417 756 eidem,
1444 720 1488 748 ut
1511 724 1617 762 prae-

88 760 282 811 mittitur,
325 776 538 810 concessa,
581 775 659 815 pro
701 771 892 815 tempore
933 776 1063 803 morae
1093 777 1180 803 suae
1209 764 1263 804 ad
1293 774 1415 805 extra
1451 768 1616 820 penitus

89 828 295 860 cessante.
360 819 538 874 Insuper
559 818 831 859 concedimus
854 819 992 860 eidem
1022 821 1248 862 venerabili
1274 822 1407 871 Patri,
1432 824 1559 878 quod,
1584 824 1616 864 si

89 876 133 917 in
165 885 322 918 eventu
353 878 467 931 apud
502 876 665 918 Cellam
697 876 750 916 de
778 876 981 934 Fynchall
1005 887 1179 933 propter
1201 879 1360 935 aliquas
1383 895 1527 922 causas
1550 897 1616 922 ra-

88 934 318 976 cionabiles
336 934 497 976 ibidem
520 935 703 975 noluerit
734 934 898 975 diucius
920 945 1159 990 expectare,
1183 938 1296 992 quod
1321 948 1421 979 tunc
1456 939 1617 980 licitum

88 992 142 1033 sit
161 992 301 1033 eidem
324 993 460 1034 redire
484 992 748 1049 integraliter
779 993 832 1033 ad
864 993 1041 1048 primam
1066 994 1347 1048 provisionem
1370 1012 1485 1037 suam
1510 997 1619 1038 infra

89 1050 393 1091 monasterium
440 1051 725 1091 Dunelmense
758 1051 894 1091 eidem
929 1051 1123 1106 primitus
1156 1067 1416 1094 concessam.
1481 1055 1536 1095 Et
1571 1064 1615 1096 ut

90 1107 305 1162 praemissa
336 1109 479 1149 onmia
510 1117 552 1149 et
583 1108 748 1161 singula
769 1109 936 1162 plenam
960 1109 1145 1150 habeant
1169 1111 1329 1151 roboris
1354 1112 1613 1162 firmitatem,

88 1176 320 1220 praesentes
356 1167 499 1207 literas
536 1165 659 1220 sigilli
698 1167 830 1207 nostri
866 1167 1101 1207 communis
1142 1169 1403 1223 appensione
1441 1170 1614 1211 fecimus

88 1223 355 1265 communiri.
438 1225 567 1265 Datae
607 1223 823 1273 Dunelmi‚
849 1225 889 1264 in
928 1225 1056 1265 domo
1080 1236 1224 1266 nostro
1247 1227 1481 1280 capitulari,
1506 1234 1613 1269 X111⁰

88 1280 157 1322 die
191 1282 342 1322 mensis
371 1281 584 1332 Octobris,
607 1296 720 1323 anno
759 1281 936 1324 Domini
971 1283 1190 1325 millesimo
1226 1290 1384 1325 cccc-¹¹¹⁰
1407 1287 1613 1342 quinqua-

85 1354 249 1396 gesimo
268 1350 408 1384 sexto.

203 1614 350 1644 CCLIV.
399 1615 564 1643 LITERA
607 1617 960 1644 TESTIMONIALIS
1003 1617 1149 1645 SUPER
1193 1619 1495 1647 CONFIRMACI-

198 1673 292 1702 ONE
328 1673 598 1701 ELECCIONIS
624 1675 852 1702 JOHANNJS
887 1675 1079 1703 BURNBY
1103 1676 1286 1704 PRIORIS
1320 1678 1496 1704 DUNEL-

199 1731 380 1757 MENSIS.

363 1824 484 1866 [Cart.
503 1825 576 1856 111.
593 1824 649 1856 fol.
667 1826 733 1857 295
750 1826 781 1857 b.
798 1829 833 1858 et
852 1825 948 1869 Orig.
971 1826 999 1856 1.
1019 1827 1048 1857 6.
1067 1825 1192 1858 Pontif.
1211 1825 1256 1858 N.
1278 1827 1322 1868 1.]

146 1915 365 1958 Universis
389 1915 547 1957 Christi
581 1916 790 1966 fidelibus,
823 1927 1052 1972 praesentes
1074 1918 1216 1959 literas
1237 1919 1499 1975 inspectui·iS‚
1529 1925 1615 1966 Ro-

81 1974 227 2015 bertus
244 1973 515 2029 permissione
538 1974 680 2016 divina
701 1975 1003 2016 Dunelmensis
1021 1975 1245 2031 episcopus
1261 1979 1439 2021 salutem
1463 1983 1503 2022 in
1525 1998 1613 2023 am-

81 2032 279 2088 plexibus
303 2032 547 2073 salvatoris,
610 2032 681 2073 Ad
710 2032 997 2074 universitatis
1033 2043 1184 2074 vestrae
1220 2036 1418 2078 noticiam
1441 2039 1614 2082 deduci-

82 2105 188 2140 muS,
213 2098 255 2131 et
275 2090 430 2130 deduci
470 2090 678 2138 volumus,
711 2105 789 2145 per
825 2100 1064 2145 praesentes,
1100 2092 1228 2147 quod,
1268 2106 1443 2138 vacante
1480 2112 1614 2153 nuper

83 2147 351 2189 Monasterio
371 2147 457 2188 sive
475 2149 670 2189 Prioratu
687 2149 877 2189 ecclesiae
900 2159 1053 2190 nostrae
1076 2150 1327 2192 cathedralis
1352 2154 1613 2197 Dunelmen-

81 2205 151 2255 sis,
189 2220 268 2260 per
304 2205 478 2245 liberam
515 2205 845 2259 resignacionem
882 2206 1071 2261 magistri
1127 2207 1339 2250 Willielmi
1378 2212 1611 2255 Ebchestre

82 2263 220 2304 ultimi
261 2262 418 2303 Prioris
455 2263 656 2316 ejusdem,
676 2262 980 2319 eleccioneque,
998 2264 1050 2305 de
1067 2264 1195 2306 fratre,
1217 2266 1410 2309 Johanne
1445 2270 1611 2312 Burne-

82 2321 155 2376 by,
189 2335 319 2361 sacrae
341 2321 507 2374 paginae
537 2321 788 2374 professore,
824 2321 864 2360 iu
903 2322 1093 2362 Priorem
1130 2322 1317 2375 ejusdem
1354 2326 1504 2367 domus
1520 2329 1613 2370 >siva

85 2378 302 2420 Prioratus
324 2379 460 2418 electo
497 2377 685 2430 legitime
719 2378 944 2428 celebrata,
979 2379 1252 2433 praedilectus
1274 2382 1448 2424 clericus
1471 2397 1615 2428 noster

81 2437 282 2490 magister
293 2436 511 2476 Johannes
533 2434 717 2486 Norton,
734 2436 1003 2477 decretorum
1019 2437 1183 2486 doctor,
1207 2439 1259 2478 ad
1278 2442 1611 2485 confirmandam

82 2494 149 2534 vel
166 2493 462 2534 infirmandam
484 2492 741 2533 eleccionem
761 2494 1005 2547 praedictam
1023 2495 1342 2547 commissarius,
1361 2513 1436 2553 per
1451 2512 1612 2542 nostras

83 2551 188 2592 certi
211 2552 368 2592 tenoris
391 2550 550 2591 litteras
582 2550 836 2591 sufficienter
856 2551 1098 2605 deputatus,
1135 2552 1174 2592 in
1197 2553 1437 2608 hujusmodi
1460 2561 1612 2600 confir-

84 2609 286 2650 macionis
309 2607 488 2662 negocio
520 2608 599 2648 rite.
633 2617 674 2648 et
710 2608 896 2662 legitime
931 2610 1178 2663 procedens,
1212 2611 1265 2652 de
1299 2622 1341 2653 et
1370 2630 1493 2668 super
1515 2632 1612 2671 pro-

85 2680 202 2707 cessu
239 2666 280 2706 in
318 2666 407 2721 ipsa
429 2665 617 2706 elecione
648 2666 809 2716 habito,
844 2666 1054 2707 natalibus
1076 2668 1207 2708 eciam
1231 2678 1274 2710 et
1297 2664 1483 2714 moribus
1505 2678 1613 2730 ejus-

86 2725 185 2765 dem
209 2724 346 2765 Electi
370 2738 445 2777 per
469 2724 576 2764 viros
599 2723 852 2778 fide-dignos,
872 2739 1013 2765 coram
1035 2725 1347 2779 sejudicialiter
1368 2731 1608 2784 perductos,

809 2795 835 2821 Y
869 2785 893 2822 2
