1807 2962
218 70 338 117 cxcii
543 89 680 122 HIST.
708 87 945 120 DUNELM.
971 92 1275 125 scmrToREs
1295 93 1435 125 TREs.

332 374 475 404 CLXVI.
509 377 830 407 CONFIRMACIO
868 379 1016 407 SUPER
1057 378 1242 406 MINERA
1272 379 1452 409 PLUMBI
1487 382 1631 410 FACTA

699 438 861 465 COMITI
886 437 1248 468 WESTMORLAND.

795 515 900 560 [Reg.
917 516 992 548 III.
1009 514 1066 548 fol.
1087 515 1158 559 l4.]

275 588 494 631 Universis
531 591 690 633 Christi
725 592 919 634 fidelibus
955 602 1188 648 praesentes
1222 593 1363 635 literas
1397 593 1662 649 inspecturis,
1701 596 1743 637 J.

213 645 337 687 Prior
373 657 416 689 et
445 649 690 704 Capitulum
722 651 915 692 ecclesiae
942 651 1208 693 Cathedralis
1241 651 1540 693 Dunelmensis
1563 653 1744 695 salutem

209 703 253 744 in
276 704 468 747 Domino
489 708 801 762 sempiternam.
878 709 1057 751 Noverit
1072 709 1319 750 universitas
1342 720 1478 751 vestra
1499 726 1576 751 nos
1600 711 1743 752 literas

208 763 412 817 quasdam
449 764 692 807 indentatas
737 766 978 808 Reverendi
1029 767 1071 807 in
1117 767 1288 809 Christo
1324 767 1453 823 patris
1497 778 1540 809 et
1582 769 1744 810 domini

207 820 371 862 domini
396 823 583 865 Walteri
618 824 703 866 Dei
739 826 883 879 gracia
920 824 1123 880 Episcopi
1161 825 1482 872 Dunelmensis‚
1506 826 1644 881 sigillo
1666 842 1743 869 suo

206 892 364 935 magno
386 879 584 934 signatas,
601 883 678 924 sub
697 891 845 924 tenore
864 883 935 939 qui
958 883 1148 939 sequitur
1169 884 1416 937 inspexisse.
1438 883 1564 925 Ceste
1582 885 1744 925 enden-

205 944 300 978 ture
331 938 407 979 fait
428 948 628 993 parentre
651 941 690 982 le
711 950 908 982 reverent
930 941 1020 996 pier
1042 956 1094 982 en
1118 941 1266 982 Dieux
1293 941 1465 982 Wauter
1482 957 1663 998 evesque
1686 943 1741 984 de

205 993 434 1046 Duresme,
474 997 600 1039 d'une
632 1009 741 1054 part,
766 1007 808 1039 et
846 999 966 1040 Rauf
991 1008 1123 1040 count
1152 999 1205 1039 de
1232 999 1554 1041 Westmerland
1579 1000 1743 1042 Mares-

207 1052 318 1093 chall
340 1054 645 1109 d'Engliterre,
680 1057 845 1098 d'autre
877 1065 986 1111 part,
1020 1056 1272 1110 tesmoigne,
1297 1072 1378 1112 que
1409 1057 1448 1098 le
1472 1057 1533 1098 dit
1556 1073 1738 1114 evesque

204 1110 258 1150 ad
290 1122 472 1164 graunte
510 1123 552 1154 et
592 1129 669 1168 par
697 1122 861 1169 ycestes
896 1115 1132 1155 confermes
1162 1130 1216 1155 au
1248 1114 1311 1155 dit
1343 1123 1474 1156 count
1506 1123 1648 1157 toutes
1669 1132 1735 1158 ses

201 1168 384 1210 mineres
407 1171 460 1211 de
481 1171 653 1225 plombe
676 1172 801 1234 deni}
820 1172 860 1213 la
880 1173 1058 1214 forreste
1075 1172 1128 1213 de
1151 1172 1370 1222 Wardale,
1392 1188 1417 1213 a
1433 1173 1550 1214 avoir
1563 1183 1606 1215 et
1627 1175 1736 1216 tenir

201 1247 253 1273 au
273 1232 336 1274 dit
359 1244 490 1275 count
512 1244 554 1276 et
575 1251 637 1276 ses
660 1235 846 1290 assignes
868 1237 922 1277 de
944 1237 970 1277 l’
985 1237 1063 1278 fest
1086 1236 1196 1278 seint
1220 1236 1401 1278 Michell
1423 1237 1590 1278 darrein
1613 1253 1733 1292 passe

200 1291 376 1347 tanqual
406 1292 507 1348 fyne
538 1294 592 1335 de
622 1295 797 1357 quingse
830 1307 909 1357 an}
941 1295 1025 1336 lors
1048 1294 1260 1350 parchinis
1283 1304 1493 1357 ensuant}
1516 1304 1558 1336 et
1590 1297 1735 1351 plene-

198 1365 313 1396 ment
335 1358 615 1412 accomplies3
654 1359 857 1401 Rendant
887 1367 959 1401 eut
991 1359 1267 1400 annuelment
1300 1374 1352 1400 au
1386 1359 1447 1401 dit
1471 1360 1666 1416 Evesque
1689 1373 1732 1402 et

198 1428 263 1454 ses
295 1429 561 1457 successours
598 1416 654 1458 siz
686 1418 817 1459 ffoths
848 1419 902 1459 de
925 1418 1096 1471 plombe
1133 1418 1173 1458 al
1208 1417 1303 1458 ffest
1325 1417 1379 1458 de
1401 1417 1510 1458 seint
1535 1418 1727 1463 Michell.

198 1471 257 1512 Et
288 1484 351 1514 est
380 1475 561 1515 accorde
592 1485 789 1529 parentle
819 1476 881 1517 les
910 1475 1016 1516 dites
1048 1491 1229 1532 evesque
1261 1484 1301 1516 et
1334 1485 1465 1516 count
1486 1491 1566 1531 que
1590 1487 1729 1518 toutes

196 1530 322 1571 ceulx
340 1540 445 1586 qont
462 1532 620 1574 aferme
637 1533 832 1575 ancienes
850 1534 926 1575 des
938 1533 1046 1575 dites
1065 1534 1242 1575 mineres
1257 1533 1382 1595 deni}
1404 1533 1444 1574 la
1465 1534 1528 1575 dit
1548 1534 1728 1576 forreste

195 1593 252 1634 du
276 1594 338 1635 dit
359 1611 542 1653 evesque
563 1613 644 1652 pur
664 1598 841 1640 anciene
862 1606 996 1639 terme
1010 1599 1118 1654 quils
1136 1606 1257 1639 erent
1276 1606 1319 1638 et
1340 1597 1524 1639 emoient
1540 1598 1600 1639 les
1618 1599 1728 1641 dites

196 1652 378 1694 mineres
411 1655 499 1695 ensi
532 1671 608 1710 par
639 1671 750 1697 eaux
782 1671 879 1713 prys
912 1656 1069 1698 durant
1090 1657 1186 1697 lour
1204 1664 1336 1697 terme
1359 1665 1556 1710 parantes
1578 1672 1630 1698 au
1662 1657 1724 1698 dit

201 1711 347 1753 Count
379 1721 422 1753 et
455 1727 520 1754 ses
549 1713 735 1768 assignes
772 1715 814 1756 la
849 1714 984 1756 ferme
1020 1724 1063 1756 et
1093 1715 1153 1755 les
1187 1714 1362 1755 duetees
1394 1713 1535 1755 dieelx
1566 1715 1649 1756 due
1671 1731 1724 1757 en

194 1782 370 1810 manere
393 1779 436 1811 et
467 1771 628 1813 foarme
651 1787 770 1814 come
792 1773 841 1813 ils
863 1782 960 1814 sont
981 1781 1131 1813 tennes
1154 1780 1198 1813 et
1219 1771 1410 1813 duissont
1432 1787 1484 1813 au
1507 1772 1570 1813 dit
1593 1773 1725 1814 Eves-

193 1841 277 1882 que
309 1827 466 1869 durant
497 1829 593 1870 lour
629 1839 776 1873 terme.
853 1831 922 1871 En
960 1830 1305 1884 tesmoignaunce
1333 1830 1386 1870 de
1408 1830 1552 1885 queles
1575 1831 1723 1872 choses

192 1884 254 1924 les
292 1886 448 1939 parties
485 1887 664 1928 susdites
696 1903 721 1928 a
747 1896 879 1928 cestes
902 1888 1160 1929 endentures
1188 1887 1724 1943 entrechaungeablement

195 1951 272 1981 ont
294 1957 384 1997 mys
400 1943 514 1984 lours
529 1945 660 1993 sealx,
680 1945 786 1985 dons
802 1945 840 1985 le
854 1944 1012 1999 primer
1024 1946 1125 2000 jour
1142 1945 1195 1986 de
1213 1945 1332 2000 May,
1351 1945 1434 1985 l’an
1451 1946 1504 1985 de
1520 1960 1649 1999 regne
1666 1947 1721 1988 (le

198 1998 279 2040 Roi
315 2000 467 2056 Henry
502 2011 626 2057 quart
661 2003 753 2056 puis
785 2002 824 2043 le
860 2012 1065 2058 conquest
1084 2003 1219 2058 quint,
1242 2010 1286 2042 et
1308 2002 1361 2042 de
1384 2003 1641 2045 translacion
1663 2005 1722 2046 du

193 2056 256 2097 dit
281 2057 477 2114 Evesque
510 2061 697 2101 sezisme.
765 2060 882 2107 Quas
905 2061 1076 2116 quidem
1098 2061 1239 2102 literas
1261 2075 1339 2100 nos
1359 2060 1482 2101 Prior
1498 2075 1542 2102 et
1559 2062 1722 2117 capitu-

190 2115 279 2156 lum
304 2117 526 2158 memorati
547 2126 657 2158 ratas
680 2118 886 2159 habentes
908 2128 951 2159 et
978 2128 1185 2174 acceptas,
1209 2133 1277 2159 eas
1309 2133 1386 2172 pro
1409 2118 1531 2159 nobis
1553 2129 1596 2160 et
1628 2135 1721 2162 suc-

192 2174 426 2214 cessoribus
449 2175 605 2216 nostris
619 2176 889 2226 ratificamus,
906 2178 1201 2231 approbamus,
1219 2186 1260 2217 et
1282 2184 1432 2217 tenore
1449 2177 1717 2231 presencium

191 2232 505 2276 confirmamus.
575 2234 624 2274 In
648 2236 764 2290 cujus
792 2234 851 2275 rei
874 2234 1161 2275 testimouium
1183 2234 1366 2288 sigillum
1388 2244 1580 2275 nostrum
1603 2251 1718 2277 com-

188 2303 317 2331 mune
339 2291 608 2345 presentibus
626 2302 687 2334 est
708 2307 955 2348 appensum.
1019 2293 1134 2334 Data
1155 2293 1197 2333 in
1223 2292 1365 2333 Domo
1386 2302 1534 2334 nostra
1554 2293 1718 2349 capitu-

189 2346 281 2399 lari,
303 2348 453 2405 quinto
475 2350 543 2392 die
568 2350 690 2402 Maii,
714 2365 827 2393 anno
851 2350 1029 2393 Domini
1049 2351 1273 2394 millesimo
1296 2358 1426 2392 cccm⁰
1461 2361 1626 2407 quarto.
