<?xml version="1.0" encoding="UTF-8"?>
<!DOCTYPE html PUBLIC "-//W3C//DTD XHTML 1.0 Transitional//EN"
    "http://www.w3.org/TR/xhtml1/DTD/xhtml1-transitional.dtd">
<html xmlns="http://www.w3.org/1999/xhtml" xml:lang="en" lang="en">
 <head>
  <title>
</title>
<meta http-equiv="Content-Type" content="text/html;charset=utf-8" />
  <meta name='ocr-system' content='tesseract 3.04.00' />
  <meta name='ocr-capabilities' content='ocr_page ocr_carea ocr_par ocr_line ocrx_word'/>
</head>
<body>
  <div class='ocr_page' id='page_1' title='image "./historiaedunelme00gauf_0293.png"; bbox 0 0 1807 2962; ppageno 0'>
   <div class='ocr_carea' id='block_1_1' title="bbox 704 59 1611 109">
    <p class='ocr_par' dir='ltr' id='par_1_1' title="bbox 704 59 1611 109">
     <span class='ocr_line' id='line_1_1' title="bbox 704 59 1611 109; baseline 0.002 -2"><span class='ocrx_word' id='word_1_1' title='bbox 704 71 981 108; x_wconf 70' lang='lat' dir='ltr'><strong>APPEme.</strong></span> <span class='ocrx_word' id='word_1_2' title='bbox 1450 59 1611 109; x_wconf 78' lang='lat' dir='ltr'>lxxxiii</span> 
     </span>
    </p>
   </div>
   <div class='ocr_carea' id='block_1_2' title="bbox 72 179 1608 584">
    <p class='ocr_par' dir='ltr' id='par_1_2' title="bbox 72 179 1608 584">
     <span class='ocr_line' id='line_1_2' title="bbox 72 179 1608 238; baseline -0.005 -7"><span class='ocrx_word' id='word_1_3' title='bbox 72 185 335 231; x_wconf 72' lang='lat' dir='ltr'><strong>facultatem.</strong></span> <span class='ocrx_word' id='word_1_4' title='bbox 399 184 499 226; x_wconf 91' lang='lat' dir='ltr'>Non</span> <span class='ocrx_word' id='word_1_5' title='bbox 532 181 799 224; x_wconf 84' lang='lat' dir='ltr'>obstantibus</span> <span class='ocrx_word' id='word_1_6' title='bbox 831 181 1042 238; x_wconf 77' lang='lat' dir='ltr'>aliquibus</span> <span class='ocrx_word' id='word_1_7' title='bbox 1065 179 1212 222; x_wconf 88' lang='lat' dir='ltr'>litteris</span> <span class='ocrx_word' id='word_1_8' title='bbox 1235 181 1466 222; x_wconf 80' lang='lat' dir='ltr'>venerabili</span> <span class='ocrx_word' id='word_1_9' title='bbox 1490 183 1608 224; x_wconf 84' lang='lat' dir='ltr'>fratri</span> 
     </span>
     <span class='ocr_line' id='line_1_3' title="bbox 72 237 1607 295; baseline -0.004 -7"><span class='ocrx_word' id='word_1_10' title='bbox 72 241 579 288; x_wconf 79' lang='lat' dir='ltr'>nostro...Cantuariensi</span> <span class='ocrx_word' id='word_1_11' title='bbox 626 239 973 295; x_wconf 85' lang='lat' dir='ltr'>Archiepiscopo,</span> <span class='ocrx_word' id='word_1_12' title='bbox 1017 254 1090 280; x_wconf 88' lang='lat' dir='ltr'>seu</span> <span class='ocrx_word' id='word_1_13' title='bbox 1136 237 1387 293; x_wconf 83' lang='lat' dir='ltr'>cuicumque</span> <span class='ocrx_word' id='word_1_14' title='bbox 1427 240 1510 290; x_wconf 82' lang='lat' dir='ltr'>alii,</span> <span class='ocrx_word' id='word_1_15' title='bbox 1553 243 1607 282; x_wconf 85' lang='lat' dir='ltr'>ab</span> 
     </span>
     <span class='ocr_line' id='line_1_4' title="bbox 73 295 1607 359; baseline -0.005 -14"><span class='ocrx_word' id='word_1_16' title='bbox 73 303 311 359; x_wconf 78' lang='lat' dir='ltr'>apostolica</span> <span class='ocrx_word' id='word_1_17' title='bbox 341 301 442 343; x_wconf 86' lang='lat' dir='ltr'>sede</span> <span class='ocrx_word' id='word_1_18' title='bbox 475 300 555 341; x_wconf 89' lang='lat' dir='ltr'>sub</span> <span class='ocrx_word' id='word_1_19' title='bbox 586 313 857 356; x_wconf 86' lang='lat' dir='ltr'>quocumque</span> <span class='ocrx_word' id='word_1_20' title='bbox 890 306 1036 339; x_wconf 87' lang='lat' dir='ltr'>tenore</span> <span class='ocrx_word' id='word_1_21' title='bbox 1063 295 1250 346; x_wconf 85' lang='lat' dir='ltr'>directis,</span> <span class='ocrx_word' id='word_1_22' title='bbox 1275 305 1318 337; x_wconf 92' lang='lat' dir='ltr'>et</span> <span class='ocrx_word' id='word_1_23' title='bbox 1340 299 1607 351; x_wconf 72' lang='lat' dir='ltr'>processibus</span> 
     </span>
     <span class='ocr_line' id='line_1_5' title="bbox 74 354 1605 415; baseline -0.005 -12"><span class='ocrx_word' id='word_1_24' title='bbox 74 361 231 403; x_wconf 83' lang='lat' dir='ltr'>habitis</span> <span class='ocrx_word' id='word_1_25' title='bbox 252 375 329 415; x_wconf 85' lang='lat' dir='ltr'>per</span> <span class='ocrx_word' id='word_1_26' title='bbox 350 359 535 408; x_wconf 80' lang='lat' dir='ltr'>easdem,</span> <span class='ocrx_word' id='word_1_27' title='bbox 555 358 609 400; x_wconf 87' lang='lat' dir='ltr'>de</span> <span class='ocrx_word' id='word_1_28' title='bbox 631 356 783 413; x_wconf 88' lang='lat' dir='ltr'>quibus</span> <span class='ocrx_word' id='word_1_29' title='bbox 797 355 976 397; x_wconf 80' lang='lat' dir='ltr'>forsitan</span> <span class='ocrx_word' id='word_1_30' title='bbox 995 363 1193 409; x_wconf 74' lang='lat' dir='ltr'>oporteat</span> <span class='ocrx_word' id='word_1_31' title='bbox 1216 354 1308 394; x_wconf 88' lang='lat' dir='ltr'>fieri</span> <span class='ocrx_word' id='word_1_32' title='bbox 1324 354 1605 405; x_wconf 81' lang='lat' dir='ltr'>mencionem,</span> 
     </span>
     <span class='ocr_line' id='line_1_6' title="bbox 74 410 1607 468; baseline -0.004 -8"><span class='ocrx_word' id='word_1_33' title='bbox 74 429 121 462; x_wconf 86' lang='lat' dir='ltr'>et</span> <span class='ocrx_word' id='word_1_34' title='bbox 143 418 277 460; x_wconf 88' lang='lat' dir='ltr'>eciam</span> <span class='ocrx_word' id='word_1_35' title='bbox 299 415 559 458; x_wconf 85' lang='lat' dir='ltr'>obtinendis.</span> <span class='ocrx_word' id='word_1_36' title='bbox 622 415 741 456; x_wconf 87' lang='lat' dir='ltr'>Nulli</span> <span class='ocrx_word' id='word_1_37' title='bbox 770 426 875 468; x_wconf 82' lang='lat' dir='ltr'>ergo</span> <span class='ocrx_word' id='word_1_38' title='bbox 897 414 1073 455; x_wconf 85' lang='lat' dir='ltr'>omnino</span> <span class='ocrx_word' id='word_1_39' title='bbox 1100 410 1319 453; x_wconf 76' lang='lat' dir='ltr'>hominum</span> <span class='ocrx_word' id='word_1_40' title='bbox 1343 412 1468 454; x_wconf 85' lang='lat' dir='ltr'>liceat</span> <span class='ocrx_word' id='word_1_41' title='bbox 1495 414 1607 455; x_wconf 84' lang='lat' dir='ltr'>hanc</span> 
     </span>
     <span class='ocr_line' id='line_1_7' title="bbox 77 470 1605 533; baseline -0.004 -15"><span class='ocrx_word' id='word_1_42' title='bbox 77 477 275 533; x_wconf 79' lang='lat' dir='ltr'>paginam</span> <span class='ocrx_word' id='word_1_43' title='bbox 317 485 473 516; x_wconf 78' lang='lat' dir='ltr'>nostrae</span> <span class='ocrx_word' id='word_1_44' title='bbox 504 471 785 514; x_wconf 77' lang='lat' dir='ltr'>concessionis</span> <span class='ocrx_word' id='word_1_45' title='bbox 827 471 1072 527; x_wconf 80' lang='lat' dir='ltr'>infringere.</span> <span class='ocrx_word' id='word_1_46' title='bbox 1138 470 1253 512; x_wconf 83' lang='lat' dir='ltr'>Data</span> <span class='ocrx_word' id='word_1_47' title='bbox 1294 471 1512 523; x_wconf 80' lang='lat' dir='ltr'>Laterani,</span> <span class='ocrx_word' id='word_1_48' title='bbox 1554 486 1605 512; x_wconf 82' lang='lat'>111</span> 
     </span>
     <span class='ocr_line' id='line_1_8' title="bbox 76 529 1208 584; baseline -0.004 -8"><span class='ocrx_word' id='word_1_49' title='bbox 76 535 157 576; x_wconf 84' lang='lat' dir='ltr'>kal.</span> <span class='ocrx_word' id='word_1_50' title='bbox 184 534 353 584; x_wconf 83' lang='lat' dir='ltr'>Marcii,</span> <span class='ocrx_word' id='word_1_51' title='bbox 378 531 657 574; x_wconf 76' lang='lat' dir='ltr'>pontificatus</span> <span class='ocrx_word' id='word_1_52' title='bbox 681 529 812 572; x_wconf 84' lang='lat' dir='ltr'>nostri</span> <span class='ocrx_word' id='word_1_53' title='bbox 834 544 946 571; x_wconf 83' lang='lat' dir='ltr'>anno</span> <span class='ocrx_word' id='word_1_54' title='bbox 970 529 1208 572; x_wconf 87' lang='lat' dir='ltr'>undecimo.</span> 
     </span>
    </p>
   </div>
   <div class='ocr_carea' id='block_1_3' title="bbox 229 769 1454 896">
    <p class='ocr_par' dir='ltr' id='par_1_3' title="bbox 229 769 1454 896">
     <span class='ocr_line' id='line_1_9' title="bbox 229 769 1454 802; baseline -0.002 0"><span class='ocrx_word' id='word_1_55' title='bbox 229 774 369 802; x_wconf 78' lang='lat' dir='ltr'>LXVII.</span> <span class='ocrx_word' id='word_1_56' title='bbox 401 771 546 801; x_wconf 71' lang='lat' dir='ltr'>CARTA</span> <span class='ocrx_word' id='word_1_57' title='bbox 568 772 611 800; x_wconf 79' lang='lat' dir='ltr'>R.</span> <span class='ocrx_word' id='word_1_58' title='bbox 635 772 693 799; x_wconf 87' lang='lat' dir='ltr'>DE</span> <span class='ocrx_word' id='word_1_59' title='bbox 717 771 857 799; x_wconf 75' lang='lat' dir='ltr'>NEVIL</span> <span class='ocrx_word' id='word_1_60' title='bbox 881 771 939 798; x_wconf 85' lang='lat' dir='ltr'>DE</span> <span class='ocrx_word' id='word_1_61' title='bbox 964 769 1107 799; x_wconf 84' lang='lat' dir='ltr'>BOSCO</span> <span class='ocrx_word' id='word_1_62' title='bbox 1132 770 1191 797; x_wconf 84' lang='lat' dir='ltr'>DE</span> <span class='ocrx_word' id='word_1_63' title='bbox 1216 769 1454 799; x_wconf 76' lang='lat' dir='ltr'>ALDEWOD,</span> 
     </span>
     <span class='ocr_line' id='line_1_10' title="bbox 603 850 1077 896; baseline -0.004 -12"><span class='ocrx_word' id='word_1_64' title='bbox 603 851 717 896; x_wconf 85' lang='lat' dir='ltr'>[Orig.</span> <span class='ocrx_word' id='word_1_65' title='bbox 734 853 766 883; x_wconf 71' lang='lat'>2.</span> <span class='ocrx_word' id='word_1_66' title='bbox 786 852 836 883; x_wconf 88' lang='lat'>11.</span> <span class='ocrx_word' id='word_1_67' title='bbox 855 850 949 894; x_wconf 82' lang='lat' dir='ltr'>Spec.</span> <span class='ocrx_word' id='word_1_68' title='bbox 967 851 1010 883; x_wconf 78' lang='lat' dir='ltr'>R.</span> <span class='ocrx_word' id='word_1_69' title='bbox 1030 850 1077 891; x_wconf 79' lang='lat' dir='ltr'>L]</span> 
     </span>
    </p>
   </div>
   <div class='ocr_carea' id='block_1_4' title="bbox 76 927 1616 2822">
    <p class='ocr_par' dir='ltr' id='par_1_4' title="bbox 76 927 1616 2780">
     <span class='ocr_line' id='line_1_11' title="bbox 138 927 1607 984; baseline -0.002 -12"><span class='ocrx_word' id='word_1_70' title='bbox 138 931 268 972; x_wconf 86' lang='lat' dir='ltr'>Anno</span> <span class='ocrx_word' id='word_1_71' title='bbox 307 929 457 984; x_wconf 80' lang='lat' dir='ltr'>gratiae</span> <span class='ocrx_word' id='word_1_72' title='bbox 498 933 710 969; x_wconf 57' lang='lat' dir='ltr'>M⁰CC⁰11¹¹¹⁰</span> <span class='ocrx_word' id='word_1_73' title='bbox 752 937 918 984; x_wconf 81' lang='lat' dir='ltr'>quarto,</span> <span class='ocrx_word' id='word_1_74' title='bbox 961 927 1013 968; x_wconf 81' lang='lat' dir='ltr'>ad</span> <span class='ocrx_word' id='word_1_75' title='bbox 1057 927 1211 968; x_wconf 74' lang='lat' dir='ltr'>festum</span> <span class='ocrx_word' id='word_1_76' title='bbox 1255 927 1607 970; x_wconf 80' lang='lat' dir='ltr'>Annunciationis</span> 
     </span>
     <span class='ocr_line' id='line_1_12' title="bbox 77 986 1608 1042; baseline -0.003 -12"><span class='ocrx_word' id='word_1_77' title='bbox 77 991 216 1030; x_wconf 83' lang='lat' dir='ltr'>beatae</span> <span class='ocrx_word' id='word_1_78' title='bbox 240 987 424 1042; x_wconf 83' lang='lat' dir='ltr'>Virginis</span> <span class='ocrx_word' id='word_1_79' title='bbox 459 987 626 1037; x_wconf 82' lang='lat' dir='ltr'>Mariae,</span> <span class='ocrx_word' id='word_1_80' title='bbox 652 986 764 1027; x_wconf 79' lang='lat' dir='ltr'>facta</span> <span class='ocrx_word' id='word_1_81' title='bbox 785 995 847 1027; x_wconf 88' lang='lat' dir='ltr'>est</span> <span class='ocrx_word' id='word_1_82' title='bbox 870 986 963 1026; x_wconf 84' lang='lat' dir='ltr'>haec</span> <span class='ocrx_word' id='word_1_83' title='bbox 991 986 1235 1028; x_wconf 88' lang='lat' dir='ltr'>Conventio</span> <span class='ocrx_word' id='word_1_84' title='bbox 1258 987 1367 1027; x_wconf 88' lang='lat' dir='ltr'>inter</span> <span class='ocrx_word' id='word_1_85' title='bbox 1389 986 1608 1026; x_wconf 81' lang='lat' dir='ltr'>(lominum</span> 
     </span>
     <span class='ocr_line' id='line_1_13' title="bbox 82 1044 1608 1099; baseline -0.002 -11"><span class='ocrx_word' id='word_1_86' title='bbox 82 1048 319 1088; x_wconf 82' lang='lat' dir='ltr'>Robertum</span> <span class='ocrx_word' id='word_1_87' title='bbox 359 1046 411 1086; x_wconf 87' lang='lat' dir='ltr'>de</span> <span class='ocrx_word' id='word_1_88' title='bbox 437 1045 578 1086; x_wconf 87' lang='lat' dir='ltr'>Nevill</span> <span class='ocrx_word' id='word_1_89' title='bbox 609 1060 665 1086; x_wconf 84' lang='lat' dir='ltr'>ex</span> <span class='ocrx_word' id='word_1_90' title='bbox 702 1060 786 1085; x_wconf 82' lang='lat' dir='ltr'>una</span> <span class='ocrx_word' id='word_1_91' title='bbox 807 1054 942 1099; x_wconf 80' lang='lat' dir='ltr'>parte,</span> <span class='ocrx_word' id='word_1_92' title='bbox 976 1054 1019 1085; x_wconf 88' lang='lat' dir='ltr'>et</span> <span class='ocrx_word' id='word_1_93' title='bbox 1055 1045 1325 1085; x_wconf 82' lang='lat' dir='ltr'>Bertramum</span> <span class='ocrx_word' id='word_1_94' title='bbox 1353 1044 1542 1085; x_wconf 81' lang='lat' dir='ltr'>Priorem</span> <span class='ocrx_word' id='word_1_95' title='bbox 1567 1053 1608 1085; x_wconf 82' lang='lat' dir='ltr'>et</span> 
     </span>
     <span class='ocr_line' id='line_1_14' title="bbox 79 1101 1611 1157; baseline -0.003 -11"><span class='ocrx_word' id='word_1_96' title='bbox 79 1106 352 1146; x_wconf 76' lang='lat' dir='ltr'>Conventuin</span> <span class='ocrx_word' id='word_1_97' title='bbox 388 1103 720 1144; x_wconf 81' lang='lat' dir='ltr'>Dunelmensem</span> <span class='ocrx_word' id='word_1_98' title='bbox 752 1117 809 1143; x_wconf 73' lang='lat' dir='ltr'>ex</span> <span class='ocrx_word' id='word_1_99' title='bbox 839 1102 998 1150; x_wconf 73' lang='lat' dir='ltr'>ultera3</span> <span class='ocrx_word' id='word_1_100' title='bbox 1033 1102 1229 1142; x_wconf 82' lang='lat' dir='ltr'>videlicet</span> <span class='ocrx_word' id='word_1_101' title='bbox 1260 1102 1375 1157; x_wconf 84' lang='lat' dir='ltr'>quod</span> <span class='ocrx_word' id='word_1_102' title='bbox 1399 1101 1512 1142; x_wconf 85' lang='lat' dir='ltr'>idem</span> <span class='ocrx_word' id='word_1_103' title='bbox 1535 1102 1611 1142; x_wconf 79' lang='lat' dir='ltr'>(lo-</span> 
     </span>
     <span class='ocr_line' id='line_1_15' title="bbox 79 1159 1610 1203; baseline -0.002 0"><span class='ocrx_word' id='word_1_104' title='bbox 79 1165 215 1203; x_wconf 82' lang='lat' dir='ltr'>minus</span> <span class='ocrx_word' id='word_1_105' title='bbox 264 1162 478 1202; x_wconf 83' lang='lat' dir='ltr'>Robertus</span> <span class='ocrx_word' id='word_1_106' title='bbox 522 1160 711 1202; x_wconf 82' lang='lat' dir='ltr'>vendidit</span> <span class='ocrx_word' id='word_1_107' title='bbox 753 1160 876 1201; x_wconf 87' lang='lat' dir='ltr'>dictis</span> <span class='ocrx_word' id='word_1_108' title='bbox 922 1159 1058 1200; x_wconf 86' lang='lat' dir='ltr'>Priori</span> <span class='ocrx_word' id='word_1_109' title='bbox 1099 1169 1143 1200; x_wconf 84' lang='lat' dir='ltr'>et</span> <span class='ocrx_word' id='word_1_110' title='bbox 1187 1161 1428 1201; x_wconf 79' lang='lat' dir='ltr'>Conventui</span> <span class='ocrx_word' id='word_1_111' title='bbox 1471 1170 1610 1200; x_wconf 82' lang='lat' dir='ltr'>totum</span> 
     </span>
     <span class='ocr_line' id='line_1_16' title="bbox 78 1217 1609 1275; baseline -0.003 -13"><span class='ocrx_word' id='word_1_112' title='bbox 78 1230 329 1275; x_wconf 85' lang='lat' dir='ltr'>coopertum</span> <span class='ocrx_word' id='word_1_113' title='bbox 352 1229 394 1260; x_wconf 88' lang='lat' dir='ltr'>et</span> <span class='ocrx_word' id='word_1_114' title='bbox 417 1218 661 1260; x_wconf 73' lang='lat' dir='ltr'>vestituram</span> <span class='ocrx_word' id='word_1_115' title='bbox 684 1218 801 1259; x_wconf 86' lang='lat' dir='ltr'>bosci</span> <span class='ocrx_word' id='word_1_116' title='bbox 822 1217 885 1258; x_wconf 86' lang='lat' dir='ltr'>sui</span> <span class='ocrx_word' id='word_1_117' title='bbox 902 1217 955 1258; x_wconf 88' lang='lat' dir='ltr'>de</span> <span class='ocrx_word' id='word_1_118' title='bbox 975 1218 1195 1266; x_wconf 75' lang='lat' dir='ltr'>Aldewde,</span> <span class='ocrx_word' id='word_1_119' title='bbox 1216 1233 1291 1272; x_wconf 84' lang='lat' dir='ltr'>per</span> <span class='ocrx_word' id='word_1_120' title='bbox 1309 1218 1411 1258; x_wconf 68' lang='lat' dir='ltr'>tales</span> <span class='ocrx_word' id='word_1_121' title='bbox 1430 1217 1609 1265; x_wconf 47' lang='lat' dir='ltr'>divisam</span> 
     </span>
     <span class='ocr_line' id='line_1_17' title="bbox 76 1275 1610 1331; baseline -0.001 -13"><span class='ocrx_word' id='word_1_122' title='bbox 76 1278 276 1319; x_wconf 86' lang='lat' dir='ltr'>videlicet</span> <span class='ocrx_word' id='word_1_123' title='bbox 310 1277 389 1318; x_wconf 83' lang='lat' dir='ltr'>del’</span> <span class='ocrx_word' id='word_1_124' title='bbox 414 1277 528 1328; x_wconf 57' lang='lat' dir='ltr'>WVest</span> <span class='ocrx_word' id='word_1_125' title='bbox 560 1277 614 1317; x_wconf 86' lang='lat' dir='ltr'>de</span> <span class='ocrx_word' id='word_1_126' title='bbox 651 1276 976 1330; x_wconf 77' lang='lat' dir='ltr'>Bruningbnrue</span> <span class='ocrx_word' id='word_1_127' title='bbox 1011 1291 1141 1331; x_wconf 83' lang='lat' dir='ltr'>usque</span> <span class='ocrx_word' id='word_1_128' title='bbox 1169 1275 1535 1331; x_wconf 69' lang='lat' dir='ltr'>Wivelingtonam,</span> <span class='ocrx_word' id='word_1_129' title='bbox 1565 1285 1610 1316; x_wconf 83' lang='lat' dir='ltr'>et</span> 
     </span>
     <span class='ocr_line' id='line_1_18' title="bbox 82 1333 1610 1390; baseline -0.003 -13"><span class='ocrx_word' id='word_1_130' title='bbox 82 1337 137 1377; x_wconf 84' lang='lat' dir='ltr'>de</span> <span class='ocrx_word' id='word_1_131' title='bbox 161 1335 396 1390; x_wconf 74' lang='lat' dir='ltr'>Branspath</span> <span class='ocrx_word' id='word_1_132' title='bbox 416 1350 547 1390; x_wconf 82' lang='lat' dir='ltr'>usque</span> <span class='ocrx_word' id='word_1_133' title='bbox 579 1334 622 1374; x_wconf 89' lang='lat' dir='ltr'>in</span> <span class='ocrx_word' id='word_1_134' title='bbox 648 1335 784 1383; x_wconf 78' lang='lat' dir='ltr'>VVer3</span> <span class='ocrx_word' id='word_1_135' title='bbox 808 1333 1128 1374; x_wconf 72' lang='lat' dir='ltr'>deliberandam</span> <span class='ocrx_word' id='word_1_136' title='bbox 1151 1333 1260 1374; x_wconf 75' lang='lat' dir='ltr'>infra</span> <span class='ocrx_word' id='word_1_137' title='bbox 1283 1333 1456 1387; x_wconf 76' lang='lat' dir='ltr'>triginta</span> <span class='ocrx_word' id='word_1_138' title='bbox 1478 1348 1610 1374; x_wconf 79' lang='lat' dir='ltr'>annos</span> 
     </span>
     <span class='ocr_line' id='line_1_19' title="bbox 77 1391 1608 1449; baseline -0.003 -15"><span class='ocrx_word' id='word_1_139' title='bbox 77 1394 276 1449; x_wconf 79' lang='lat' dir='ltr'>proximo</span> <span class='ocrx_word' id='word_1_140' title='bbox 297 1402 520 1449; x_wconf 83' lang='lat' dir='ltr'>sequentes</span> <span class='ocrx_word' id='word_1_141' title='bbox 543 1408 567 1433; x_wconf 84' lang='lat' dir='ltr'>a</span> <span class='ocrx_word' id='word_1_142' title='bbox 588 1392 656 1433; x_wconf 86' lang='lat' dir='ltr'>die</span> <span class='ocrx_word' id='word_1_143' title='bbox 679 1391 1032 1432; x_wconf 77' lang='lat' dir='ltr'>Anuunciationis</span> <span class='ocrx_word' id='word_1_144' title='bbox 1049 1391 1187 1432; x_wconf 74' lang='lat' dir='ltr'>beatae</span> <span class='ocrx_word' id='word_1_145' title='bbox 1208 1391 1360 1432; x_wconf 65' lang='lat' dir='ltr'>Mariae</span> <span class='ocrx_word' id='word_1_146' title='bbox 1376 1391 1608 1446; x_wconf 67' lang='lat' dir='ltr'>praedictae,</span> 
     </span>
     <span class='ocr_line' id='line_1_20' title="bbox 80 1449 1612 1506; baseline -0.001 -15"><span class='ocrx_word' id='word_1_147' title='bbox 80 1452 278 1493; x_wconf 84' lang='lat' dir='ltr'>videlicet</span> <span class='ocrx_word' id='word_1_148' title='bbox 312 1466 389 1492; x_wconf 75' lang='lat' dir='ltr'>sex</span> <span class='ocrx_word' id='word_1_149' title='bbox 425 1466 542 1492; x_wconf 78' lang='lat' dir='ltr'>acras</span> <span class='ocrx_word' id='word_1_150' title='bbox 579 1450 771 1506; x_wconf 82' lang='lat' dir='ltr'>quolibet</span> <span class='ocrx_word' id='word_1_151' title='bbox 805 1464 917 1490; x_wconf 84' lang='lat' dir='ltr'>anno</span> <span class='ocrx_word' id='word_1_152' title='bbox 950 1449 1004 1490; x_wconf 77' lang='lat' dir='ltr'>ad</span> <span class='ocrx_word' id='word_1_153' title='bbox 1041 1449 1191 1498; x_wconf 79' lang='lat' dir='ltr'>minus,</span> <span class='ocrx_word' id='word_1_154' title='bbox 1226 1464 1303 1504; x_wconf 82' lang='lat' dir='ltr'>pro</span> <span class='ocrx_word' id='word_1_155' title='bbox 1335 1449 1545 1490; x_wconf 71' lang='lat' dir='ltr'>sexcentis</span> <span class='ocrx_word' id='word_1_156' title='bbox 1568 1462 1612 1490; x_wconf 76' lang='lat' dir='ltr'>et</span> 
     </span>
     <span class='ocr_line' id='line_1_21' title="bbox 76 1507 1611 1565; baseline -0.002 -15"><span class='ocrx_word' id='word_1_157' title='bbox 76 1510 252 1565; x_wconf 82' lang='lat' dir='ltr'>triginta</span> <span class='ocrx_word' id='word_1_158' title='bbox 283 1508 432 1550; x_wconf 83' lang='lat' dir='ltr'>marcis</span> <span class='ocrx_word' id='word_1_159' title='bbox 464 1508 775 1562; x_wconf 80' lang='lat' dir='ltr'>sterlingorum,</span> <span class='ocrx_word' id='word_1_160' title='bbox 799 1522 902 1563; x_wconf 80' lang='lat' dir='ltr'>quas</span> <span class='ocrx_word' id='word_1_161' title='bbox 935 1507 1127 1561; x_wconf 69' lang='lat' dir='ltr'>praedicti</span> <span class='ocrx_word' id='word_1_162' title='bbox 1154 1507 1274 1548; x_wconf 77' lang='lat' dir='ltr'>Prior</span> <span class='ocrx_word' id='word_1_163' title='bbox 1295 1516 1337 1548; x_wconf 86' lang='lat' dir='ltr'>et</span> <span class='ocrx_word' id='word_1_164' title='bbox 1362 1509 1611 1548; x_wconf 82' lang='lat' dir='ltr'>Conventus</span> 
     </span>
     <span class='ocr_line' id='line_1_22' title="bbox 78 1565 1610 1623; baseline -0.002 -15"><span class='ocrx_word' id='word_1_165' title='bbox 78 1567 286 1623; x_wconf 69' lang='lat' dir='ltr'>praedicto</span> <span class='ocrx_word' id='word_1_166' title='bbox 308 1566 481 1608; x_wconf 82' lang='lat' dir='ltr'>domino</span> <span class='ocrx_word' id='word_1_167' title='bbox 508 1567 701 1607; x_wconf 82' lang='lat' dir='ltr'>Roberto</span> <span class='ocrx_word' id='word_1_168' title='bbox 722 1581 810 1620; x_wconf 72' lang='lat' dir='ltr'>prae</span> <span class='ocrx_word' id='word_1_169' title='bbox 834 1580 959 1606; x_wconf 79' lang='lat' dir='ltr'>manu</span> <span class='ocrx_word' id='word_1_170' title='bbox 978 1574 1252 1619; x_wconf 72' lang='lat' dir='ltr'>pacaverunt.</span> <span class='ocrx_word' id='word_1_171' title='bbox 1319 1565 1374 1606; x_wconf 80' lang='lat' dir='ltr'>Et</span> <span class='ocrx_word' id='word_1_172' title='bbox 1392 1565 1610 1606; x_wconf 84' lang='lat' dir='ltr'>sciendum</span> 
     </span>
     <span class='ocr_line' id='line_1_23' title="bbox 77 1624 1612 1681; baseline -0.002 -15"><span class='ocrx_word' id='word_1_173' title='bbox 77 1627 195 1681; x_wconf 84' lang='lat' dir='ltr'>quod</span> <span class='ocrx_word' id='word_1_174' title='bbox 231 1626 342 1666; x_wconf 84' lang='lat' dir='ltr'>idem</span> <span class='ocrx_word' id='word_1_175' title='bbox 382 1624 504 1665; x_wconf 86' lang='lat' dir='ltr'>Prior</span> <span class='ocrx_word' id='word_1_176' title='bbox 538 1636 580 1665; x_wconf 90' lang='lat' dir='ltr'>et</span> <span class='ocrx_word' id='word_1_177' title='bbox 615 1625 863 1665; x_wconf 86' lang='lat' dir='ltr'>Conventus</span> <span class='ocrx_word' id='word_1_178' title='bbox 886 1624 1053 1677; x_wconf 72' lang='lat' dir='ltr'>capient</span> <span class='ocrx_word' id='word_1_179' title='bbox 1088 1624 1334 1664; x_wconf 82' lang='lat' dir='ltr'>meremium</span> <span class='ocrx_word' id='word_1_180' title='bbox 1369 1638 1442 1678; x_wconf 87' lang='lat' dir='ltr'>per</span> <span class='ocrx_word' id='word_1_181' title='bbox 1474 1632 1612 1664; x_wconf 88' lang='lat' dir='ltr'>totum</span> 
     </span>
     <span class='ocr_line' id='line_1_24' title="bbox 76 1679 1616 1737; baseline -0.002 -12"><span class='ocrx_word' id='word_1_182' title='bbox 76 1684 254 1725; x_wconf 83' lang='lat' dir='ltr'>boscum</span> <span class='ocrx_word' id='word_1_183' title='bbox 287 1683 554 1737; x_wconf 69' lang='lat' dir='ltr'>praedictum,</span> <span class='ocrx_word' id='word_1_184' title='bbox 578 1682 818 1737; x_wconf 86' lang='lat' dir='ltr'>ubicunque</span> <span class='ocrx_word' id='word_1_185' title='bbox 854 1681 933 1722; x_wconf 88' lang='lat' dir='ltr'>sibi</span> <span class='ocrx_word' id='word_1_186' title='bbox 956 1679 1139 1721; x_wconf 70' lang='lat' dir='ltr'>viderint</span> <span class='ocrx_word' id='word_1_187' title='bbox 1160 1681 1377 1735; x_wconf 81' lang='lat' dir='ltr'>expedire,</span> <span class='ocrx_word' id='word_1_188' title='bbox 1403 1681 1509 1722; x_wconf 67' lang='lat' dir='ltr'>infra</span> <span class='ocrx_word' id='word_1_189' title='bbox 1531 1690 1616 1722; x_wconf 66' lang='lat' dir='ltr'>ttr-</span> 
     </span>
     <span class='ocr_line' id='line_1_25' title="bbox 79 1738 1610 1795; baseline -0.001 -14"><span class='ocrx_word' id='word_1_190' title='bbox 79 1741 240 1782; x_wconf 87' lang='lat' dir='ltr'>minum</span> <span class='ocrx_word' id='word_1_191' title='bbox 278 1741 544 1795; x_wconf 69' lang='lat' dir='ltr'>praedictum,</span> <span class='ocrx_word' id='word_1_192' title='bbox 570 1739 803 1780; x_wconf 83' lang='lat' dir='ltr'>dummodo</span> <span class='ocrx_word' id='word_1_193' title='bbox 835 1739 894 1780; x_wconf 79' lang='lat' dir='ltr'>ita</span> <span class='ocrx_word' id='word_1_194' title='bbox 915 1739 1192 1793; x_wconf 82' lang='lat' dir='ltr'>provideatur</span> <span class='ocrx_word' id='word_1_195' title='bbox 1213 1738 1511 1793; x_wconf 80' lang='lat' dir='ltr'>indempnitati</span> <span class='ocrx_word' id='word_1_196' title='bbox 1534 1740 1610 1780; x_wconf 80' lang='lat' dir='ltr'>(lo-</span> 
     </span>
     <span class='ocr_line' id='line_1_26' title="bbox 80 1797 1613 1854; baseline -0.001 -14"><span class='ocrx_word' id='word_1_197' title='bbox 80 1799 180 1840; x_wconf 89' lang='lat' dir='ltr'>mini</span> <span class='ocrx_word' id='word_1_198' title='bbox 208 1798 387 1839; x_wconf 78' lang='lat' dir='ltr'>Roberti</span> <span class='ocrx_word' id='word_1_199' title='bbox 409 1799 523 1854; x_wconf 88' lang='lat' dir='ltr'>quod</span> <span class='ocrx_word' id='word_1_200' title='bbox 545 1797 777 1838; x_wconf 74' lang='lat' dir='ltr'>crescentia</span> <span class='ocrx_word' id='word_1_201' title='bbox 798 1797 913 1838; x_wconf 81' lang='lat' dir='ltr'>bosci</span> <span class='ocrx_word' id='word_1_202' title='bbox 936 1797 1045 1837; x_wconf 76' lang='lat' dir='ltr'>illius</span> <span class='ocrx_word' id='word_1_203' title='bbox 1063 1797 1250 1837; x_wconf 68' lang='lat' dir='ltr'>salvetur</span> <span class='ocrx_word' id='word_1_204' title='bbox 1267 1806 1361 1851; x_wconf 84' lang='lat' dir='ltr'>post</span> <span class='ocrx_word' id='word_1_205' title='bbox 1377 1799 1613 1838; x_wconf 86' lang='lat' dir='ltr'>sectionem</span> 
     </span>
     <span class='ocr_line' id='line_1_27' title="bbox 79 1854 1612 1911; baseline -0.001 -13"><span class='ocrx_word' id='word_1_206' title='bbox 79 1857 120 1898; x_wconf 89' lang='lat' dir='ltr'>ei</span> <span class='ocrx_word' id='word_1_207' title='bbox 151 1859 194 1897; x_wconf 84' lang='lat' dir='ltr'>in</span> <span class='ocrx_word' id='word_1_208' title='bbox 225 1857 421 1898; x_wconf 85' lang='lat' dir='ltr'>omnibus</span> <span class='ocrx_word' id='word_1_209' title='bbox 441 1871 515 1911; x_wconf 89' lang='lat' dir='ltr'>per</span> <span class='ocrx_word' id='word_1_210' title='bbox 536 1871 580 1897; x_wconf 86' lang='lat' dir='ltr'>se</span> <span class='ocrx_word' id='word_1_211' title='bbox 604 1855 670 1897; x_wconf 89' lang='lat' dir='ltr'>vel</span> <span class='ocrx_word' id='word_1_212' title='bbox 691 1870 789 1895; x_wconf 84' lang='lat' dir='ltr'>suos</span> <span class='ocrx_word' id='word_1_213' title='bbox 811 1854 1089 1909; x_wconf 83' lang='lat' dir='ltr'>providenda,</span> <span class='ocrx_word' id='word_1_214' title='bbox 1114 1855 1311 1895; x_wconf 83' lang='lat' dir='ltr'>videlicet</span> <span class='ocrx_word' id='word_1_215' title='bbox 1333 1855 1449 1910; x_wconf 85' lang='lat' dir='ltr'>quod</span> <span class='ocrx_word' id='word_1_216' title='bbox 1471 1857 1524 1896; x_wconf 86' lang='lat' dir='ltr'>de</span> <span class='ocrx_word' id='word_1_217' title='bbox 1547 1870 1612 1896; x_wconf 70' lang='lat' dir='ltr'>ra&lt;</span> 
     </span>
     <span class='ocr_line' id='line_1_28' title="bbox 80 1912 1611 1968; baseline -0.001 -12"><span class='ocrx_word' id='word_1_218' title='bbox 80 1915 209 1956; x_wconf 79' lang='lat' dir='ltr'>mallo</span> <span class='ocrx_word' id='word_1_219' title='bbox 250 1915 361 1956; x_wconf 84' lang='lat' dir='ltr'>circa</span> <span class='ocrx_word' id='word_1_220' title='bbox 401 1914 585 1968; x_wconf 89' lang='lat' dir='ltr'>stipitem</span> <span class='ocrx_word' id='word_1_221' title='bbox 627 1927 794 1967; x_wconf 56' lang='lat' dir='ltr'>magnae²</span> <span class='ocrx_word' id='word_1_222' title='bbox 835 1912 996 1954; x_wconf 80' lang='lat' dir='ltr'>arboris</span> <span class='ocrx_word' id='word_1_223' title='bbox 1039 1912 1182 1953; x_wconf 81' lang='lat' dir='ltr'>incisae</span> <span class='ocrx_word' id='word_1_224' title='bbox 1203 1912 1360 1954; x_wconf 73' lang='lat' dir='ltr'>facient</span> <span class='ocrx_word' id='word_1_225' title='bbox 1396 1913 1611 1968; x_wconf 68' lang='lat' dir='ltr'>quandam</span> 
     </span>
     <span class='ocr_line' id='line_1_29' title="bbox 82 1969 1612 2028; baseline -0.001 -14"><span class='ocrx_word' id='word_1_226' title='bbox 82 1973 354 2021; x_wconf 78' lang='lat' dir='ltr'>clausturam,</span> <span class='ocrx_word' id='word_1_227' title='bbox 389 1987 515 2028; x_wconf 79' lang='lat' dir='ltr'>quam</span> <span class='ocrx_word' id='word_1_228' title='bbox 547 1971 691 2012; x_wconf 84' lang='lat' dir='ltr'>licebit</span> <span class='ocrx_word' id='word_1_229' title='bbox 718 1970 840 2011; x_wconf 90' lang='lat' dir='ltr'>dictis</span> <span class='ocrx_word' id='word_1_230' title='bbox 875 1970 1013 2012; x_wconf 87' lang='lat' dir='ltr'>Priori</span> <span class='ocrx_word' id='word_1_231' title='bbox 1035 1979 1078 2011; x_wconf 92' lang='lat' dir='ltr'>et</span> <span class='ocrx_word' id='word_1_232' title='bbox 1103 1969 1315 2011; x_wconf 82' lang='lat' dir='ltr'>Cnventui</span> <span class='ocrx_word' id='word_1_233' title='bbox 1338 1970 1380 2010; x_wconf 84' lang='lat' dir='ltr'>in</span> <span class='ocrx_word' id='word_1_234' title='bbox 1402 1973 1484 2011; x_wconf 82' lang='lat' dir='ltr'>fine</span> <span class='ocrx_word' id='word_1_235' title='bbox 1507 1981 1612 2012; x_wconf 83' lang='lat' dir='ltr'>tem-</span> 
     </span>
     <span class='ocr_line' id='line_1_30' title="bbox 81 2028 1613 2086; baseline -0.001 -15"><span class='ocrx_word' id='word_1_236' title='bbox 81 2031 196 2086; x_wconf 83' lang='lat' dir='ltr'>poris</span> <span class='ocrx_word' id='word_1_237' title='bbox 218 2040 462 2085; x_wconf 80' lang='lat' dir='ltr'>asportare3</span> <span class='ocrx_word' id='word_1_238' title='bbox 485 2042 529 2071; x_wconf 85' lang='lat' dir='ltr'>et</span> <span class='ocrx_word' id='word_1_239' title='bbox 550 2029 665 2085; x_wconf 85' lang='lat' dir='ltr'>quod</span> <span class='ocrx_word' id='word_1_240' title='bbox 687 2029 819 2070; x_wconf 85' lang='lat' dir='ltr'>sectio</span> <span class='ocrx_word' id='word_1_241' title='bbox 841 2029 917 2070; x_wconf 86' lang='lat' dir='ltr'>fiet</span> <span class='ocrx_word' id='word_1_242' title='bbox 937 2043 1014 2083; x_wconf 86' lang='lat' dir='ltr'>per</span> <span class='ocrx_word' id='word_1_243' title='bbox 1035 2028 1188 2083; x_wconf 81' lang='lat' dir='ltr'>pedem</span> <span class='ocrx_word' id='word_1_244' title='bbox 1214 2028 1390 2079; x_wconf 83' lang='lat' dir='ltr'>arboris,</span> <span class='ocrx_word' id='word_1_245' title='bbox 1415 2029 1475 2070; x_wconf 83' lang='lat' dir='ltr'>ita</span> <span class='ocrx_word' id='word_1_246' title='bbox 1496 2030 1613 2086; x_wconf 86' lang='lat' dir='ltr'>quod</span> 
     </span>
     <span class='ocr_line' id='line_1_31' title="bbox 81 2086 1613 2129; baseline -0.001 0"><span class='ocrx_word' id='word_1_247' title='bbox 81 2089 160 2129; x_wconf 84' lang='lat' dir='ltr'>sub</span> <span class='ocrx_word' id='word_1_248' title='bbox 193 2088 332 2129; x_wconf 84' lang='lat' dir='ltr'>securi</span> <span class='ocrx_word' id='word_1_249' title='bbox 354 2087 483 2129; x_wconf 85' lang='lat' dir='ltr'>nichil</span> <span class='ocrx_word' id='word_1_250' title='bbox 515 2087 814 2129; x_wconf 87' lang='lat' dir='ltr'>decorticetur.</span> <span class='ocrx_word' id='word_1_251' title='bbox 878 2086 994 2127; x_wconf 89' lang='lat' dir='ltr'>Dicti</span> <span class='ocrx_word' id='word_1_252' title='bbox 1026 2095 1169 2127; x_wconf 82' lang='lat' dir='ltr'>autem</span> <span class='ocrx_word' id='word_1_253' title='bbox 1194 2087 1318 2127; x_wconf 84' lang='lat' dir='ltr'>Prior</span> <span class='ocrx_word' id='word_1_254' title='bbox 1346 2096 1387 2128; x_wconf 89' lang='lat' dir='ltr'>et</span> <span class='ocrx_word' id='word_1_255' title='bbox 1414 2087 1613 2128; x_wconf 86' lang='lat' dir='ltr'>Conven-</span> 
     </span>
     <span class='ocr_line' id='line_1_32' title="bbox 82 2144 1614 2201; baseline 0 -15"><span class='ocrx_word' id='word_1_256' title='bbox 82 2156 150 2187; x_wconf 85' lang='lat' dir='ltr'>tus</span> <span class='ocrx_word' id='word_1_257' title='bbox 172 2147 392 2187; x_wconf 71' lang='lat' dir='ltr'>habebunt</span> <span class='ocrx_word' id='word_1_258' title='bbox 415 2155 551 2187; x_wconf 79' lang='lat' dir='ltr'>totum</span> <span class='ocrx_word' id='word_1_259' title='bbox 573 2145 822 2201; x_wconf 74' lang='lat' dir='ltr'>herbagium</span> <span class='ocrx_word' id='word_1_260' title='bbox 845 2154 886 2185; x_wconf 86' lang='lat' dir='ltr'>et</span> <span class='ocrx_word' id='word_1_261' title='bbox 909 2144 1179 2199; x_wconf 79' lang='lat' dir='ltr'>pannagium,</span> <span class='ocrx_word' id='word_1_262' title='bbox 1204 2154 1244 2185; x_wconf 90' lang='lat' dir='ltr'>et</span> <span class='ocrx_word' id='word_1_263' title='bbox 1262 2145 1405 2185; x_wconf 85' lang='lat' dir='ltr'>omnia</span> <span class='ocrx_word' id='word_1_264' title='bbox 1423 2145 1614 2199; x_wconf 83' lang='lat' dir='ltr'>proficua</span> 
     </span>
     <span class='ocr_line' id='line_1_33' title="bbox 82 2201 1613 2258; baseline -0.001 -14"><span class='ocrx_word' id='word_1_265' title='bbox 82 2219 139 2245; x_wconf 85' lang='lat' dir='ltr'>ex</span> <span class='ocrx_word' id='word_1_266' title='bbox 170 2204 285 2244; x_wconf 92' lang='lat' dir='ltr'>dicto</span> <span class='ocrx_word' id='word_1_267' title='bbox 316 2204 521 2258; x_wconf 82' lang='lat' dir='ltr'>herbagio</span> <span class='ocrx_word' id='word_1_268' title='bbox 552 2213 596 2243; x_wconf 89' lang='lat' dir='ltr'>et</span> <span class='ocrx_word' id='word_1_269' title='bbox 618 2201 1160 2258; x_wconf 78' lang='lat' dir='ltr'>pannagioprovenientia,</span> <span class='ocrx_word' id='word_1_270' title='bbox 1187 2201 1385 2243; x_wconf 87' lang='lat' dir='ltr'>videlicet</span> <span class='ocrx_word' id='word_1_271' title='bbox 1407 2203 1460 2243; x_wconf 89' lang='lat' dir='ltr'>de</span> <span class='ocrx_word' id='word_1_272' title='bbox 1482 2203 1613 2243; x_wconf 82' lang='lat' dir='ltr'>bosco</span> 
     </span>
     <span class='ocr_line' id='line_1_34' title="bbox 83 2259 1611 2316; baseline 0 -15"><span class='ocrx_word' id='word_1_273' title='bbox 83 2277 169 2302; x_wconf 89' lang='lat' dir='ltr'>non</span> <span class='ocrx_word' id='word_1_274' title='bbox 202 2262 454 2305; x_wconf 79' lang='lat' dir='ltr'>deliberato.</span> <span class='ocrx_word' id='word_1_275' title='bbox 531 2261 729 2316; x_wconf 87' lang='lat' dir='ltr'>Excepto</span> <span class='ocrx_word' id='word_1_276' title='bbox 763 2261 879 2316; x_wconf 85' lang='lat' dir='ltr'>quod</span> <span class='ocrx_word' id='word_1_277' title='bbox 913 2259 1050 2300; x_wconf 87' lang='lat' dir='ltr'>dictus</span> <span class='ocrx_word' id='word_1_278' title='bbox 1084 2260 1281 2300; x_wconf 88' lang='lat' dir='ltr'>dominus</span> <span class='ocrx_word' id='word_1_279' title='bbox 1320 2260 1532 2301; x_wconf 83' lang='lat' dir='ltr'>Robertus</span> <span class='ocrx_word' id='word_1_280' title='bbox 1569 2270 1611 2301; x_wconf 89' lang='lat' dir='ltr'>et</span> 
     </span>
     <span class='ocr_line' id='line_1_35' title="bbox 83 2318 1614 2372; baseline -0.001 -13"><span class='ocrx_word' id='word_1_281' title='bbox 83 2319 264 2359; x_wconf 87' lang='lat' dir='ltr'>heredes</span> <span class='ocrx_word' id='word_1_282' title='bbox 300 2319 363 2359; x_wconf 87' lang='lat' dir='ltr'>sui</span> <span class='ocrx_word' id='word_1_283' title='bbox 399 2319 619 2359; x_wconf 82' lang='lat' dir='ltr'>habebunt</span> <span class='ocrx_word' id='word_1_284' title='bbox 651 2318 887 2360; x_wconf 83' lang='lat' dir='ltr'>dominicos</span> <span class='ocrx_word' id='word_1_285' title='bbox 916 2318 1046 2358; x_wconf 89' lang='lat' dir='ltr'>boves</span> <span class='ocrx_word' id='word_1_286' title='bbox 1078 2332 1175 2358; x_wconf 86' lang='lat' dir='ltr'>suos</span> <span class='ocrx_word' id='word_1_287' title='bbox 1202 2326 1246 2358; x_wconf 82' lang='lat' dir='ltr'>et</span> <span class='ocrx_word' id='word_1_288' title='bbox 1267 2332 1418 2371; x_wconf 87' lang='lat' dir='ltr'>porcos</span> <span class='ocrx_word' id='word_1_289' title='bbox 1440 2318 1493 2358; x_wconf 89' lang='lat' dir='ltr'>de</span> <span class='ocrx_word' id='word_1_290' title='bbox 1516 2333 1614 2372; x_wconf 89' lang='lat' dir='ltr'>pro-</span> 
     </span>
     <span class='ocr_line' id='line_1_36' title="bbox 82 2374 1609 2431; baseline 0.002 -15"><span class='ocrx_word' id='word_1_291' title='bbox 82 2376 175 2431; x_wconf 82' lang='lat' dir='ltr'>pria</span> <span class='ocrx_word' id='word_1_292' title='bbox 205 2376 415 2417; x_wconf 84' lang='lat' dir='ltr'>nutritura</span> <span class='ocrx_word' id='word_1_293' title='bbox 448 2376 502 2416; x_wconf 89' lang='lat' dir='ltr'>de</span> <span class='ocrx_word' id='word_1_294' title='bbox 534 2375 651 2416; x_wconf 84' lang='lat' dir='ltr'>curia</span> <span class='ocrx_word' id='word_1_295' title='bbox 680 2391 756 2417; x_wconf 77' lang='lat' dir='ltr'>sua</span> <span class='ocrx_word' id='word_1_296' title='bbox 786 2376 840 2416; x_wconf 86' lang='lat' dir='ltr'>de</span> <span class='ocrx_word' id='word_1_297' title='bbox 881 2375 1120 2428; x_wconf 78' lang='lat' dir='ltr'>Branspath</span> <span class='ocrx_word' id='word_1_298' title='bbox 1152 2374 1192 2414; x_wconf 89' lang='lat' dir='ltr'>in</span> <span class='ocrx_word' id='word_1_299' title='bbox 1225 2375 1355 2415; x_wconf 84' lang='lat' dir='ltr'>bosco</span> <span class='ocrx_word' id='word_1_300' title='bbox 1387 2376 1609 2430; x_wconf 73' lang='lat' dir='ltr'>praedicto.</span> 
     </span>
     <span class='ocr_line' id='line_1_37' title="bbox 88 2432 1611 2475; baseline -0.001 0"><span class='ocrx_word' id='word_1_301' title='bbox 88 2435 144 2475; x_wconf 86' lang='lat' dir='ltr'>Et</span> <span class='ocrx_word' id='word_1_302' title='bbox 177 2433 302 2475; x_wconf 82' lang='lat' dir='ltr'>salvis</span> <span class='ocrx_word' id='word_1_303' title='bbox 336 2433 475 2475; x_wconf 87' lang='lat' dir='ltr'>eidem</span> <span class='ocrx_word' id='word_1_304' title='bbox 513 2433 688 2474; x_wconf 85' lang='lat' dir='ltr'>domino</span> <span class='ocrx_word' id='word_1_305' title='bbox 726 2433 917 2474; x_wconf 85' lang='lat' dir='ltr'>Roberto</span> <span class='ocrx_word' id='word_1_306' title='bbox 951 2442 993 2473; x_wconf 84' lang='lat' dir='ltr'>et</span> <span class='ocrx_word' id='word_1_307' title='bbox 1027 2432 1266 2472; x_wconf 72' lang='lat' dir='ltr'>haeredibus</span> <span class='ocrx_word' id='word_1_308' title='bbox 1299 2433 1382 2473; x_wconf 89' lang='lat' dir='ltr'>suis</span> <span class='ocrx_word' id='word_1_309' title='bbox 1417 2434 1611 2474; x_wconf 87' lang='lat' dir='ltr'>omnibus</span> 
     </span>
     <span class='ocr_line' id='line_1_38' title="bbox 83 2489 1614 2546; baseline -0.001 -14"><span class='ocrx_word' id='word_1_310' title='bbox 83 2491 181 2533; x_wconf 85' lang='lat' dir='ltr'>feris</span> <span class='ocrx_word' id='word_1_311' title='bbox 214 2491 403 2546; x_wconf 86' lang='lat' dir='ltr'>ejusdem</span> <span class='ocrx_word' id='word_1_312' title='bbox 438 2490 569 2533; x_wconf 87' lang='lat' dir='ltr'>bosci.</span> <span class='ocrx_word' id='word_1_313' title='bbox 636 2490 702 2531; x_wconf 81' lang='lat' dir='ltr'>Ita</span> <span class='ocrx_word' id='word_1_314' title='bbox 733 2490 850 2546; x_wconf 89' lang='lat' dir='ltr'>quod</span> <span class='ocrx_word' id='word_1_315' title='bbox 883 2489 986 2531; x_wconf 89' lang='lat' dir='ltr'>dicti</span> <span class='ocrx_word' id='word_1_316' title='bbox 1025 2489 1147 2530; x_wconf 84' lang='lat' dir='ltr'>Prior</span> <span class='ocrx_word' id='word_1_317' title='bbox 1178 2497 1221 2530; x_wconf 89' lang='lat' dir='ltr'>et</span> <span class='ocrx_word' id='word_1_318' title='bbox 1257 2490 1505 2532; x_wconf 79' lang='lat' dir='ltr'>Conventus</span> <span class='ocrx_word' id='word_1_319' title='bbox 1538 2506 1614 2546; x_wconf 89' lang='lat' dir='ltr'>per</span> 
     </span>
     <span class='ocr_line' id='line_1_39' title="bbox 83 2547 1616 2591; baseline -0.001 -1"><span class='ocrx_word' id='word_1_320' title='bbox 83 2549 351 2591; x_wconf 83' lang='lat' dir='ltr'>venationem</span> <span class='ocrx_word' id='word_1_321' title='bbox 373 2548 476 2589; x_wconf 85' lang='lat' dir='ltr'>dicti</span> <span class='ocrx_word' id='word_1_322' title='bbox 501 2547 681 2590; x_wconf 88' lang='lat' dir='ltr'>Roberti</span> <span class='ocrx_word' id='word_1_323' title='bbox 698 2549 764 2589; x_wconf 91' lang='lat' dir='ltr'>vel</span> <span class='ocrx_word' id='word_1_324' title='bbox 786 2547 1003 2589; x_wconf 87' lang='lat' dir='ltr'>haeredum</span> <span class='ocrx_word' id='word_1_325' title='bbox 1024 2562 1194 2587; x_wconf 88' lang='lat' dir='ltr'>suorum</span> <span class='ocrx_word' id='word_1_326' title='bbox 1219 2548 1376 2588; x_wconf 82' lang='lat' dir='ltr'>nullam</span> <span class='ocrx_word' id='word_1_327' title='bbox 1396 2547 1616 2590; x_wconf 85' lang='lat' dir='ltr'>incurrant</span> 
     </span>
     <span class='ocr_line' id='line_1_40' title="bbox 78 2604 1616 2664; baseline -0.001 -16"><span class='ocrx_word' id='word_1_328' title='bbox 78 2610 303 2664; x_wconf 79' lang='lat' dir='ltr'>jacturam,</span> <span class='ocrx_word' id='word_1_329' title='bbox 341 2621 480 2663; x_wconf 90' lang='lat' dir='ltr'>neque</span> <span class='ocrx_word' id='word_1_330' title='bbox 514 2621 590 2661; x_wconf 85' lang='lat' dir='ltr'>per</span> <span class='ocrx_word' id='word_1_331' title='bbox 622 2606 815 2647; x_wconf 87' lang='lat' dir='ltr'>homines</span> <span class='ocrx_word' id='word_1_332' title='bbox 852 2620 960 2647; x_wconf 80' lang='lat' dir='ltr'>suoS.</span> <span class='ocrx_word' id='word_1_333' title='bbox 1028 2604 1084 2646; x_wconf 87' lang='lat' dir='ltr'>Et</span> <span class='ocrx_word' id='word_1_334' title='bbox 1114 2605 1237 2647; x_wconf 85' lang='lat' dir='ltr'>salvis</span> <span class='ocrx_word' id='word_1_335' title='bbox 1269 2605 1408 2647; x_wconf 87' lang='lat' dir='ltr'>eidem</span> <span class='ocrx_word' id='word_1_336' title='bbox 1441 2607 1616 2648; x_wconf 84' lang='lat' dir='ltr'>domino</span> 
     </span>
     <span class='ocr_line' id='line_1_41' title="bbox 82 2663 1614 2720; baseline 0 -15"><span class='ocrx_word' id='word_1_337' title='bbox 82 2665 207 2706; x_wconf 66' lang='lat' dir='ltr'>aeriis=</span> <span class='ocrx_word' id='word_1_338' title='bbox 241 2667 500 2720; x_wconf 84' lang='lat' dir='ltr'>esperiorum</span> <span class='ocrx_word' id='word_1_339' title='bbox 534 2680 704 2705; x_wconf 81' lang='lat' dir='ltr'>suorum</span> <span class='ocrx_word' id='word_1_340' title='bbox 729 2674 773 2705; x_wconf 89' lang='lat' dir='ltr'>et</span> <span class='ocrx_word' id='word_1_341' title='bbox 794 2663 968 2704; x_wconf 80' lang='lat' dir='ltr'>aliarum</span> <span class='ocrx_word' id='word_1_342' title='bbox 1002 2664 1143 2704; x_wconf 79' lang='lat' dir='ltr'>avium</span> <span class='ocrx_word' id='word_1_343' title='bbox 1177 2663 1251 2704; x_wconf 82' lang='lat' dir='ltr'>alis</span> <span class='ocrx_word' id='word_1_344' title='bbox 1283 2664 1557 2718; x_wconf 80' lang='lat' dir='ltr'>capientium,</span> <span class='ocrx_word' id='word_1_345' title='bbox 1582 2665 1614 2706; x_wconf 84' lang='lat' dir='ltr'>si</span> 
     </span>
     <span class='ocr_line' id='line_1_42' title="bbox 88 2722 1616 2780; baseline -0.001 -15"><span class='ocrx_word' id='word_1_346' title='bbox 88 2739 183 2780; x_wconf 82' lang='lat' dir='ltr'>quae</span> <span class='ocrx_word' id='word_1_347' title='bbox 221 2723 277 2765; x_wconf 89' lang='lat' dir='ltr'>ibi</span> <span class='ocrx_word' id='word_1_348' title='bbox 316 2722 639 2765; x_wconf 76' lang='lat' dir='ltr'>nidificaverint.</span> <span class='ocrx_word' id='word_1_349' title='bbox 705 2723 760 2765; x_wconf 81' lang='lat' dir='ltr'>Et</span> <span class='ocrx_word' id='word_1_350' title='bbox 797 2722 908 2762; x_wconf 81' lang='lat' dir='ltr'>idem</span> <span class='ocrx_word' id='word_1_351' title='bbox 942 2722 1136 2763; x_wconf 49' lang='lat' dir='ltr'>domiuus</span> <span class='ocrx_word' id='word_1_352' title='bbox 1171 2722 1385 2764; x_wconf 78' lang='lat' dir='ltr'>Robertus</span> <span class='ocrx_word' id='word_1_353' title='bbox 1421 2722 1461 2764; x_wconf 94' lang='lat' dir='ltr'>in</span> <span class='ocrx_word' id='word_1_354' title='bbox 1496 2723 1616 2765; x_wconf 81' lang='lat' dir='ltr'>initio</span> 
     </span>
    </p>

    <p class='ocr_par' dir='ltr' id='par_1_5' title="bbox 819 2784 892 2822">
     <span class='ocr_line' id='line_1_43' title="bbox 819 2784 892 2822; baseline -0.027 0"><span class='ocrx_word' id='word_1_355' title='bbox 819 2794 842 2822; x_wconf 63' lang='grc' dir='ltr'><strong><em>Β</em></strong></span> <span class='ocrx_word' id='word_1_356' title='bbox 867 2784 892 2820; x_wconf 72' lang='lat'>:2</span> 
     </span>
    </p>
   </div>
  </div>
 </body>
</html>
