1807 2962
494 70 756 118 nossssstws
784 84 849 116 DE
879 70 1217 116 GRAYSTANEs.
1557 63 1619 119 '⁴37'

25 202 53 267 f
93 192 282 233 Priorem
325 201 368 233 et
409 193 640 247 capitulum
679 193 937 234 sufficienter
968 199 1275 247 comparentes,
1310 196 1352 230 et
1385 188 1617 229 secuudum

90 250 267 291 formam
310 250 525 292 citaciouis
558 251 636 292 sibi
669 251 793 292 factae
834 251 1067 292 defendere
1099 266 1144 292 se
1177 256 1361 303 paratoS,
1395 256 1616 287 conuiuia-2

83 320 153 348 ces
174 317 441 363 reputarunt,
462 317 505 350 et
527 309 633 350 sicut
665 319 814 351 contra
839 319 1111 350 contumaces
1130 314 1439 363 processerunt,
1469 303 1613 344 Priore

87 366 408 417 Conventrensi,
454 367 601 422 judice
652 367 897 423 principali,
943 377 1152 422 praeseute
1203 374 1247 406 et
1300 378 1381 404 nou
1434 376 1614 417 consen-¹

83 421 230 468 tiente.
309 424 430 475 Item,
465 426 579 482 quod
624 426 746 467 Prior
790 425 1117 468 Couvcntrensis
1161 437 1376 479 uunquam
1418 420 1497 461 fuit
1540 434 1614 473 per

82 482 464 538 Archiepiscopum
490 483 737 540 requisitus,
761 484 793 525 si
825 498 1084 540 cognoscere
1107 483 1248 530 vellet,
1273 490 1345 522 ant
1370 494 1450 520 non
1471 495 1481 527 3
1516 479 1612 518 ideo

81 554 165 580 non
189 541 327 595 potuit
361 551 452 582 tota.
470 541 712 596 jurisdictio
735 541 950 583 transferri
972 541 1029 582 sic
1052 542 1093 582 iu
1119 539 1407 593 Abbatemde
1432 536 1610 584 l’Holm,

81 606 125 639 et
149 598 517 647 Bartholomeunu
550 600 693 649 immo,
718 600 758 640 in
782 599 959 641 ecclesia
980 601 1118 641 beatae
1147 599 1298 640 Mariae
1321 596 1374 638 de
1403 594 1610 650 Warwyk,

80 670 192 697 anno
216 657 389 698 Domini
413 671 704 708 mocnxxxm,
730 657 770 703 in
804 658 986 700 crastino
1003 659 1136 699 sancti
1162 656 1374 706 Nicholai,
1400 668 1515 694 suam
1539 667 1614 694 ex-

80 713 227 755 hibens
260 715 542 770 praesentiam,
577 717 687 757 idem
727 716 859 767 Prior,
885 719 1164 771 praesentibus
1195 714 1430 770 suppriore,
1461 723 1501 752 et
1537 712 1609 760 H„

80 781 122 813 et
137 773 229 814 aliis
252 774 526 824 multis,dixit
544 775 656 830 quod
674 774 811 828 potuit
829 786 871 816 et
890 776 1021 816 voluit
1037 775 1077 815 iu
1098 773 1321 830 praemissis
1336 785 1610 826 cognoscere,

81 829 148 871 v'el
185 831 305 873 alteri
342 845 426 872 non
464 843 660 887 suspecto
692 835 970 881 committere,
996 842 1037 874 et
1061 833 1136 888 ipsi
1159 834 1217 873 sic
1242 831 1396 873 nullam
1414 828 1609 884 jurisdic-

79 889 245 930 cionem
278 890 498 941 habentes,
533 891 714 946 majores
747 891 800 932 (le
824 891 1010 946 capitulo
1043 892 1162 932 citari
1184 891 1390 939 feceruut,
1414 898 1456 929 ct
1477 887 1517 927 in
1540 902 1611 946 eos

77 948 307 989 sententias
330 946 779 990 echmmnnicationis
811 959 854 990 et
876 950 1160 1005 suspensionis
1185 964 1260 1004 pro
1281 949 1403 989 libito
1425 945 1614 1005 promul*

79 1015 243 1059 garant.
307 1007 431 1057 Item,
455 1008 568 1063 quod
592 1007 757 1063 copiam
780 1008 908 1048 bullae
930 1008 1178 1063 principalis
1194 1008 1272 1050 illis
1296 1007 1463 1047 tradere
1494 1016 1612 1045 recu-2

80 1074 240 1114 sarunt,
276 1079 353 1106 nec
390 1066 515 1106 etiam
551 1065 714 1121 copiam
749 1066 1090 1107 commissionum
1122 1066 1200 1107 sibi
1222 1066 1442 1113 factarum,
1467 1072 1510 1104 et
1531 1063 1612 1103 alia

79 1121 358 1164 instrumenta
394 1124 552 1172 debita,
589 1124 754 1179 copiam
790 1124 920 1166 libelli
956 1134 998 1165 et
1032 1140 1158 1180 super
1189 1125 1409 1165 voluntate
1453 1121 1611 1163 Prior-is

81 1180 412 1223 Conventrensis
447 1182 614 1224 tradere
652 1182 893 1233 noluerunt,
933 1183 1147 1224 humiliter
1179 1182 1381 1239 requisiti,
1407 1196 1477 1222 eos
1510 1195 1612 1221 con-

80 1246 266 1279 tumaces
290 1249 549 1294 reputante8‚
575 1240 644 1281 ubi
670 1255 754 1281 non
770 1250 902 1281 erant.
967 1242 1091 1290 Item,
1118 1241 1471 1295 Arcliiepiscopus
1493 1247 1612 1280 actor

77 1295 332 1351 principalis,
364 1307 552 1353 tempore
578 1298 904 1354 impetracionis,
929 1309 971 1340 et
993 1299 1143 1349 adhuc,
1168 1309 1231 1340 est
1254 1301 1416 1353 majore
1439 1312 1614 1338 excom-

77 1352 362 1396 municatione
382 1355 621 1407 innodatus,
644 1366 688 1398 ut
705 1357 907 1410 superius
963 1358 1088 1407 Item,
1109 1358 1225 1413 quod
1243 1357 1397 1398 citastis
1422 1356 1611 1409 Priorem

79 1422 121 1453 et
145 1413 389 1468 capitulum,
422 1423 466 1455 ut
490 1415 629 1470 primo
652 1416 721 1455 (lie
748 1415 935 1469 juridico
967 1426 1062 1470 post
1092 1416 1245 1457 festum
1269 1415 1403 1457 sancti
1428 1413 1610 1470 Mathia}

79 1472 271 1524 apostoli,
307 1487 418 1513 anno
452 1488 536 1529 quo
568 1485 707 1527 supra,
739 1484 1034 1528 comparerent
1063 1489 1204 1515 coram
1241 1473 1370 1523 vobis,
1401 1482 1448 1513 ut
1480 1471 1608 1527 prius,

82 1528 305 1585 VVarwyk,
330 1540 371 1572 et
404 1531 519 1572 illum
552 1531 665 1572 diem
699 1531 977 1572 continuastis
1001 1547 1132 1588 usque
1156 1533 1265 1573 diem
1301 1532 1443 1572 martis
1465 1532 1607 1585 proxi-

78 1601 149 1627 mo
171 1598 543 1645 sequentem,*quo
566 1590 635 1630 (lie
656 1589 900 1631 solemnitas
923 1593 1055 1631 sancti
1081 1590 1267 1632 Oswaldi
1300 1590 1487 1644 episcopi
1511 1603 1610 1629 con-

78 1644 186 1699 tigit,
222 1647 340 1701 cujus
378 1647 466 1689 dies
505 1648 728 1704 VVarwyk,
762 1657 805 1688 et
837 1649 880 1688 in
909 1656 1002 1689 toto
1034 1649 1277 1703 episcopatu
1316 1647 1610 1704 ¹1‘Vygornieusi

77 1703 277 1744 solemnis
309 1713 373 1747 est
405 1715 452 1747 ut
483 1705 731 1755 dominicus,
757 1714 804 1747 et·
831 1721 908 1761 per
939 1721 1202 1763 consequens
1234 1722 1311 1747 nec
1344 1705 1610 1746 diffinitivam

77 1763 330 1804 sententiam
362 1779 442 1805 nec
472 1764 594 1805 aliam
629 1763 700 1804 illo
723 1764 791 1805 die
814 1764 869 1805 ibi
893 1765 1031 1805 facere
1055 1768 1298 1819 potuerunt,
1324 1774 1365 1806 et
1390 1772 1529 1805 tamen
1554 1764 1607 1803 de

76 1818 190 1861 facto
213 1821 521 1874 fecerunt,]rsic
545 1822 672 1876 igitur
703 1837 766 1863 ex·
789 1832 910 1878 parte
937 1822 1093 1864 Prioris
1125 1823 1267 1865 extitit
1289 1823 1341 1864 ad
1368 1823 1605 1863 Romanam

76 1877 234 1920 curiam
270 1880 541 1934 appeliatum,
580 1889 627 1921 et
658 1896 736 1936 pro
773 1881 950 1922 tuitione
987 1882 1041 1922 ad
1078 1882 1445 1930 Cantuariensem,
1470 1890 1513 1921 et
1543 1895 1608 1920 re-

76 1936 280 1991 scriptum
304 1938 381 1979 fuit
406 1943 504 1993 [pro
527 1939 584 1980 eis
606 1939 659 1980 ad
683 1940 926 1994 episcopum
947 1940 1311 1989 Dunkeldensem,
1342 1940 1528 1980 Abbates
1551 1939 1605 1978 dc.

75 1994 300 2051 Alnewyk,
325 2006 368 2037 et
391 1997 444 2038 de
465 2007 609 2038 sancta
635 1997 816 2052 Agatha,
841 2013 966 2053 super
986 1997 1058 2039 illa
1079 1997 1343 2053 exceptione,
1368 1998 1466 2054 quia
1488 1996 1608 2038 Prior

79 2051 412 2105 Conventrensis
446 2070 530 2096 non
564 2065 655 2097 erat
685 2056 927 2112 1·equisitUS,
948 2066 989 2096 et
1021 2057 1119 2112 quia
1142 2067 1404 2110 negaverunt
1437 2057 1604 2109 copiam

75 2110 219 2161 bullae,
242 2128 368 2168 quam
398 2113 517 2154 Prior
539 2129 754 2169 nunquam
777 2114 937 2164 habuit,
964 2125 1009 2156 ut
1031 2115 1107 2169 ipsi
1128 2115 1286 2156 faciant
1307 2115 1422 2171 quod
1438 2115 1602 2169 justum

15 2191 22 2200 =
75 2179 157 2210 est:
181 2171 294 2226 quod
314 2173 346 2212 si
366 2187 451 2212 non
470 2187 630 2222 omneS,
652 2172 888 2227 Episcopus
903 2188 997 2213 cum
1017 2174 1151 2214 altero
1166 2188 1326 2216 eorum.
1361 2173 1457 2213 Fuit
1472 2171 1601 2212 etiam

73 2228 323 2283 rescriptum
360 2245 438 2285 pro
467 2229 626 2270 eisdem
659 2231 713 2271 ad
744 2231 932 2280 eosdem,
958 2232 999 2271 in
1031 2246 1157 2272 causa
1188 2231 1483 2286 appellationis
1505 2244 1606 2270 con-

72 2297 271 2328 cernente
301 2287 641 2342 jurisdictionem
665 2301 709 2329 et
731 2289 1032 2338 visitacionem,
1057 2290 1156 2331 sede
1177 2298 1369 2338 vacante,
1395 2299 1437 2329 et
1459 2287 1602 2344 quoad

72 2345 367 2399 exceptionem
401 2346 454 2386 de
487 2346 926 2388 excommunicatione
953 2347 1142 2401 superius
1164 2356 1425 2389 annotatam.
1488 2345 1604 2386 Cita-

70 2412 138 2445 tus
170 2412 234 2444 est
267 2418 368 2457 ergo
401 2418 476 2458 per
506 2405 606 2444 istos
641 2404 862 2459 delegatos
899 2405 1254 2460 Archiepiscopus
1287 2420 1364 2459 per
1393 2404 1599 2445 decanum

74 2461 401 2502 Christianitatis·
435 2462 750 2511 Dunelmensis,
793 2471 915 2503 sexto
947 2463 1016 2503 die
1050 2462 1248 2516 Augusti,
1280 2477 1390 2503 anno
1423 2460 1601 2503 Domini

72 2532 377 2568 MCCLXXXIIH,
413 2519 454 2559 in
488 2519 675 2560 manerio
703 2520 757 2560 de
794 2520 990 2575 WVylton,
1034 2521 1149 2575 quod
1181 2530 1425 2574 compareat
1457 2534 1600 2560 coram

71 2578 146 2627 eis,
185 2578 249 2618 vel
284 2592 431 2618 eorum
469 2577 778 2625 commissariis,
814 2578 852 2616 iu
877 2577 1055 2618 ecclesia
1086 2578 1314 2619 cathedrali
1343 2577 1597 2619 Karliolensi

71 2634 140 2676 die
176 2635 287 2676 lunae
322 2635 518 2690 proxima
548 2644 642 2689 post
676 2637 829 2676 festum
863 2635 993 2677 sancti
1018 2635 1254 2684 Michaelis,
1279 2651 1372 2676 cum
1396 2651 1599 2693 proroga-

71 2693 255 2734 tionibus
277 2693 454 2742 dierum,
479 2693 678 2743 facturus,
703 2702 784 2736 ete.
855 2693 951 2740 Quo
974 2693 1041 2734 (lie
1065 2694 1301 2749 comparuit
1323 2695 1379 2735 ibi
1404 2710 1478 2748 per
1499 2710 1598 2750 pro-

72 2761 321 2793 curatorem,
416 2751 668 2793 Sedentibus
707 2766 782 2807 pro
822 2752 1020 2794 tribunali
1064 2753 1232 2795 Abbate
1276 2753 1328 2794 cle
1372 2753 1603 2808 Alncwyk,

799 2823 823 2851 E
849 2812 872 2849 2
