1807 2962
177 66 395 114 cclxxviii
488 83 622 116 msr.
649 84 886 118 DUNELM.
916 86 1224 123 SCRIPTORES
1251 92 1392 126 'rim-s.

180 187 263 228 wul
283 188 485 231 minester
507 197 551 231 to
573 205 621 231 us
642 205 767 233 cause
788 192 839 233 of
862 206 958 248 gret
980 196 1208 240 coumford
1230 199 1314 240 and
1335 200 1478 258 hertly
1499 202 1709 257 pleausur.

185 246 278 286 Our
320 247 457 301 Right
499 248 763 291 welbeloved
806 250 846 290 in
891 252 1046 303 Criste,
1089 269 1168 295 our
1212 257 1331 298 Lord
1371 274 1570 314 preserve
1610 278 1712 319 you.

190 303 344 345 Writen
367 315 409 347 at
426 306 626 358 London‚
646 307 719 348 the
743 321 848 349 xxv1
872 308 955 365 day
978 311 1028 351 of
1058 311 1180 357 Maii.

570 434 758 463 ROBERT
781 436 987 465 BUSSHOP
1011 439 1067 467 OF
1091 440 1323 471 DURESME.

304 693 486 722 ccxxxl.
520 695 689 723 LITERA
720 698 1076 729 TESTIMONIALIS
1114 703 1261 731 SUPER
1291 705 1461 734 LIBERA
1491 708 1600 737 CON-

305 752 497 780 DICIONE
547 754 603 781 ET
653 755 911 785 NATALIBUS
959 760 1190 789 JOHANNIS
1243 763 1331 792 OLL
1385 765 1598 794 MONACHI

304 809 645 840 DUNELMENSIS.

794 906 900 952 [Reg.
918 909 986 941 lv.
1004 910 1026 942 f.
1045 913 1115 955 34]

251 995 471 1037 Universis
507 1006 667 1039 sanctae
709 1000 852 1040 matris
884 1002 1076 1043 ecclesiae
1109 1003 1221 1055 filiis,
1255 1005 1309 1047 ad
1343 1022 1448 1063 quos
1488 1020 1720 1064 praesentes

191 1052 326 1093 literae
358 1063 517 1095 nostrae
539 1056 627 1096 sive
644 1071 831 1110 praesens
853 1059 1067 1113 publicum
1087 1061 1412 1106 instrumentum
1435 1069 1718 1121 pervenerint,

198 1111 440 1152 Willielmus
463 1114 737 1167 permissione
754 1115 896 1157 diviua
915 1117 1036 1159 Prior
1053 1120 1243 1162 ecclesiae
1268 1123 1533 1166 Cathedralis
1557 1126 1722 1167 Dunel-

191 1169 360 1219 111ensis,
396 1179 439 1210 et
476 1171 666 1225 ejusdem
702 1172 782 1214 loci
808 1174 1068 1230 Capitulum,
1102 1179 1296 1230 salutem,
1337 1196 1463 1237 quam
1487 1185 1655 1239 sanguis
1680 1185 1720 1225 in

191 1240 317 1267 cruce
347 1228 527 1269 contulit
563 1229 881 1285 RecleniptoriS‚
916 1242 958 1275 et
985 1235 1217 1279 affliccione
1249 1238 1386 1280 aliena
1417 1243 1722 1297 compassionis

192 1299 360 1325 crucem
384 1285 716 1329 misericorditer
738 1290 938 1344 bajulare.
1002 1293 1232 1336 Salvatoris
1256 1297 1385 1339 nostri
1417 1299 1518 1340 Jesu
1543 1301 1721 1352 Christi,

192 1341 233 1382 in
257 1343 462 1384 mundum
485 1346 695 1387 venientis
728 1356 774 1388 ut
791 1349 1078 1392 testimonium
1101 1354 1320 1407 perhibeat
1342 1356 1522 1406 veritati,
1547 1359 1724 1414 vestigia

192 1399 347 1441 imitari
385 1402 592 1454 volentes,
627 1404 888 1448 universitati
911 1418 1061 1450 vestrae
1084 1419 1233 1454 tenore
1254 1415 1515 1467 presencium
1538 1416 1726 1459 innotes-

171 1457 341 1509 cimus,
364 1460 494 1515 quod,
518 1469 642 1503 sexto
665 1462 734 1504 die
766 1466 919 1506 mensis
944 1468 1220 1521 Septembris,
1257 1486 1371 1513 anno
1395 1473 1573 1514 Domini
1595 1474 1724 1517 infra-

194 1518 346 1571 cripto‚
370 1518 412 1557 in
434 1518 563 1560 domo
585 1529 728 1562 nostra
753 1523 1003 1577 Capitulari,
1037 1527 1142 1568 hora
1162 1528 1263 1569 inibi
1295 1530 1467 1585 capituli
1505 1543 1722 1583 consueta,

194 1576 472 1629 personaliter
493 1579 729 1633 comparuit
750 1595 891 1622 coram
914 1583 1048 1634 nobis,
1073 1595 1115 1626 et
1137 1587 1178 1626 in
1201 1599 1357 1639 nostra,
1376 1589 1724 1647 notariorumque

196 1640 240 1673 et
274 1633 444 1675 testium
481 1635 814 1693 subscriptorum
848 1642 1091 1695 praesencia,
1129 1643 1308 1686 dilectus
1345 1647 1557 1689 confrater
1581 1659 1725 1691 noster

197 1690 396 1732 dominus
427 1693 647 1735 Johannes
681 1695 765 1747 Oll,
792 1697 916 1740 Prior
939 1698 1156 1742 Prioratus
1179 1702 1266 1745 sive
1290 1704 1422 1747 Cellae
1443 1706 1496 1747 de
1520 1707 1726 1762 Colding-

198 1747 310 1799 liam,
344 1750 548 1805 quasdam
580 1752 723 1794 literas
754 1764 796 1795 et
829 1757 1106 1800 instrumenta
1135 1761 1319 1815 publica,
1343 1762 1467 1804 famae
1489 1773 1531 1806 et
1552 1765 1727 1806 honoris

200 1808 290 1861 ejus
325 1808 495 1849 titulum
527 1812 847 1863 concernencia,
875 1816 1041 1870 quibuS,
1067 1826 1110 1858 ut
1134 1821 1322 1869 asseruit,
1346 1836 1424 1875 per
1445 1837 1542 1863 snos
1563 1825 1725 1865 emulos

199 1864 320 1905 edaci
341 1865 512 1907 flamma
533 1867 702 1909 invidiae
724 1879 766 1911 et
787 1871 925 1913 virosa
947 1874 1111 1916 malicia
1133 1877 1422 1931 multipliciter
1442 1879 1580 1921 fuerat
1601 1881 1726 1923 dero-

197 1930 360 1974 gatum,
394 1922 436 1962 in
467 1925 602 1965 medis
631 1927 836 1980 produxit
865 1938 906 1970 et
927 1931 1135 1983 exhibuit,
1158 1949 1206 1974 ac
1229 1936 1318 1976 vice
1340 1946 1381 1977 et
1405 1937 1575 1979 nomine
1597 1940 1726 1994 ipsius

199 1978 288 2020 alta
323 1989 366 2021 et
398 1980 649 2035 intelligibili
680 1998 782 2025 voce
819 2001 960 2028 coram
984 1990 1102 2030 nobis
1125 2006 1201 2045 per
1225 1993 1462 2035 Robertum
1485 1996 1725 2040 VVestmer-

198 2036 340 2087 lande,
373 2038 628 2080 confratrem
661 2050 704 2082 et
741 2046 1092 2088 commonachum
1116 2059 1306 2091 nostrum
1329 2066 1378 2092 ac
1401 2054 1532 2094 nostri
1555 2055 1725 2110 capituli

199 2105 532 2149 procuratorem,
548 2097 631 2152 legi
653 2099 767 2143 fecit.
837 2101 1028 2149 Quorum
1049 2106 1423 2151 instrumentorum
1445 2120 1486 2152 et
1506 2111 1724 2154 literarum

199 2161 370 2194 tenores
391 2164 625 2210 sequnntur
646 2156 688 2197 in
711 2157 802 2199 haec
827 2161 968 2205 verba.
1053 2164 1268 2207 Universis
1300 2175 1343 2208 et
1364 2167 1537 2222 singulis
1564 2170 1724 2212 Christi

201 2210 397 2251 fidelibus
419 2223 650 2266 praesentes
667 2214 809 2257 literas
832 2217 918 2259 sive
950 2235 1138 2274 praesens
1160 2224 1374 2277 publicum
1398 2226 1724 2270 instrumentum

201 2267 349 2308 visuris
387 2270 454 2310 vel
487 2270 707 2323 audituris,
747 2274 948 2317 Decanus
988 2279 1318 2323 Christianitatis
1348 2283 1658 2336 Dunelmensis,
1682 2296 1724 2327 et

203 2325 407 2367 Officialis
429 2328 746 2371 Jurisdiccionis
778 2333 1144 2378 Archidiaconalis
1177 2339 1338 2380 domini
1375 2341 1533 2383 Prioris
1561 2343 1725 2385 Dunel-

201 2384 372 2434 mensis,
416 2386 593 2428 salutem
633 2388 675 2429 in
716 2390 905 2432 omnium
951 2394 1183 2440 Salvatore.
1252 2397 1531 2440 Universitati
1572 2410 1725 2443 vestrae

203 2441 452 2484 deducimus
488 2459 563 2498 per
603 2457 848 2500 praesentes,
891 2452 1020 2505 quod,
1061 2453 1258 2495 vicesimo
1295 2457 1432 2511 primo
1465 2457 1534 2499 die
1570 2460 1725 2500 mensis

204 2498 320 2549 Julii,
357 2515 470 2542 anno
507 2503 685 2545 Domini
720 2505 1002 2563 infrascripto,
1027 2509 1067 2550 in
1103 2513 1284 2554 ecclesia
1322 2515 1553 2569 parochiali
1590 2518 1725 2558 sancti

211 2556 398 2599 Oswaldi
424 2561 550 2615 juxta
582 2561 862 2614 Dunelmnm,
886 2565 928 2606 in
952 2577 1190 2609 nostrorum
1212 2572 1443 2624 presencia,
1467 2588 1515 2614 ac
1539 2575 1726 2616 notario-

204 2628 296 2654 rum
318 2624 362 2657 et
395 2617 567 2659 testium
602 2621 946 2676 subscriptorum,
966 2627 1241 2679 personaliter
1257 2631 1508 2672 constitutus
1530 2646 1724 2673 reveren-

204 2671 281 2712 dus
304 2681 347 2714 et
368 2673 574 2716 discretus
596 2677 658 2717 vir
679 2679 876 2720 dominus
892 2682 1107 2724 Joliannes
1123 2684 1211 2735 Oll,
1233 2688 1463 2729 monachus
1480 2690 1724 2731 monasterii

202 2728 518 2784 Dunelmensis,
558 2735 714 2777 ordinis
752 2739 883 2779 sancti
930 2739 1167 2794 Benedicti,
1211 2758 1259 2785 ac
1303 2745 1426 2786 Prior
1469 2746 1601 2789 Celloe
1637 2747 1723 2789 sive
