1807 2962
474 119 751 152 APPENDIX.
780 117 903 150 ANN.
934 119 1160 152 mcccxn.
1512 106 1586 156 cxi

58 227 111 271 In
141 227 260 283 cujus
280 227 340 269 rei
363 227 650 270 testimonium
672 227 855 282 sigillum
876 234 1066 268 nostrum
1088 227 1366 282 praesentibus
1389 227 1588 270 duximus

57 286 376 342 apponendum.
446 287 641 327 Vestram
683 286 948 340 majestatem
992 294 1213 327 conservet
1257 285 1494 327 Altissimus
1535 288 1590 328 ad

56 344 246 402 regimen
270 353 312 386 et
332 344 690 399 gubernacionem
712 344 860 399 populi
881 342 945 384 sui
966 342 1145 386 feliciter
1166 358 1243 399 per
1260 355 1453 399 tempora
1473 360 1592 400 pros-

57 416 160 458 pera
180 412 222 446 et
243 403 452 458 longaeva.
516 403 634 444 Data
653 402 768 457 apud
792 401 999 443 Dunolm.

219 657 310 688 XCI.
346 657 751 686 PROCURATORIUM
775 657 991 685 CAP1TUL1
1017 658 1066 685 IN
1090 658 1438 690 PARLIAMENTO.

687 736 793 780 [neg.
812 734 857 767 11.
874 734 897 767 f.
916 735 965 776 3.]

125 812 346 855 Universis
379 821 537 854 sanctae
570 812 714 854 matris
748 812 938 855 ecclesiae
967 813 1063 855 filiis
1085 821 1231 869 pateat
1252 830 1327 871 per
1348 828 1590 872 praesenteS,

60 871 177 927 quod
211 886 302 919 nos,
329 871 575 927 Capitulum
613 870 806 913 ecclesiae
843 872 1166 923 Dunolmensis‚
1191 874 1371 916 dilectos
1404 878 1525 919 nobis
1549 880 1591 920 in

61 929 234 970 Christo
269 930 420 971 fratres
461 929 691 987 Hugonem
734 931 788 971 de
827 930 983 971 Monte
1021 931 1124 971 Alto
1160 939 1203 973 et
1231 932 1499 977 Willielmum
1538 938 1592 980 de

68 987 283 1029 Giseburn
317 987 449 1029 nostri
486 988 731 1029 monasterii
767 988 1009 1039 monacth
1033 990 1306 1044 conjunctim,
1331 1000 1375 1033 et
1408 993 1589 1046 divisim,

61 1044 122 1087 ita
142 1045 258 1102 quod
280 1061 364 1087 non
387 1045 439 1086 sit
460 1045 608 1087 melior
629 1046 824 1088 condicio
842 1046 1088 1101 occupantis
1109 1059 1404 1102 procuratores
1423 1062 1590 1095 nostros

61 1112 107 1145 et
140 1113 376 1146 attornatos
410 1104 585 1145 facimus
622 1105 822 1159 speciales
859 1105 912 1145 ad
935 1106 1266 1160 comparendum
1290 1123 1367 1163 pro
1389 1111 1523 1162 nobis,
1548 1123 1592 1155 et

61 1162 234 1204 nomine
255 1172 415 1212 nostro,
435 1178 577 1204 coram
599 1162 864 1204 serenissimo
886 1162 1076 1218 principe
1098 1172 1142 1204 et
1164 1164 1338 1207 domino
1355 1177 1502 1211 nostro
1517 1170 1594 1213 do-

62 1220 180 1261 mino
221 1221 447 1270 Edwzzrdo,
474 1220 558 1261 Dei
594 1220 737 1274 gracia
763 1220 883 1277 Rege
910 1221 1079 1278 Angliae
1100 1221 1265 1273 illustri,
1290 1224 1359 1266 die
1380 1226 1594 1270 dominica

62 1279 258 1334 proxime
279 1288 376 1334 post
398 1279 553 1320 festum
575 1288 733 1320 sanctae
757 1278 911 1319 Mariae
937 1279 1225 1334 Magdalenae‚
1248 1281 1292 1321 in
1314 1284 1593 1338 parliamento

64 1353 142 1378 suo
180 1338 368 1379 tenendo
405 1337 520 1392 apud
559 1336 754 1378 Lincoln.
777 1336 832 1378 ad
869 1337 1134 1378 tractandum
1157 1353 1283 1394 super
1319 1344 1589 1396 tangentibus

65 1404 220 1437 statum
244 1396 365 1452 regni
389 1405 432 1436 et
454 1394 558 1445 aliis,
584 1410 713 1450 super
734 1395 885 1451 quibus
904 1395 1076 1436 tractari
1098 1396 1257 1438 ibidem
1279 1401 1523 1454 contigerit,
1549 1412 1592 1445 et

66 1453 271 1495 ordinatis
306 1453 463 1495 ibidem
497 1453 870 1504 consenciendum,
907 1463 950 1495 et
985 1453 1128 1495 onmia
1163 1455 1244 1496 alla
1274 1459 1531 1510 generaliter
1552 1472 1595 1504 et

67 1511 306 1566 specialiter
322 1512 530 1561 facienda,
547 1527 642 1567 quae
660 1511 815 1553 ibidem
831 1527 887 1553 ex
902 1519 1020 1566 parte
1037 1521 1180 1554 nostra
1196 1514 1288 1555 fieri
1305 1516 1591 1572 requiruntur,

66 1579 209 1611 ratum
240 1578 284 1611 et
315 1571 484 1611 firmum
505 1569 692 1611 habituri
713 1570 914 1626 quicquid
938 1570 1106 1625 praefati
1128 1583 1422 1625 procuratores
1444 1578 1592 1629 nostri,

64 1629 135 1670 vel
158 1643 265 1669 unus
287 1643 448 1678 eorum,
473 1628 646 1669 nomine
668 1638 816 1669 nostro
837 1629 1015 1670 fecerint
1046 1629 1114 1670 vel
1135 1630 1282 1672 fecerit
1304 1631 1345 1672 in
1367 1635 1592 1688 premissis.

70 1686 120 1727 In
142 1686 262 1740 cnjus
283 1686 344 1727 rei
367 1686 658 1727 testimonium
690 1686 871 1740 sigillum
895 1701 1118 1728 commune
1140 1689 1313 1742 capituli
1334 1692 1466 1734 nostri
1488 1709 1597 1748 prae-

64 1745 254 1786 sentibus
285 1752 350 1786 est
371 1759 622 1800 appensum.
684 1744 802 1785 Data
839 1743 1042 1789 Dunelm.
1078 1745 1120 1785 in
1145 1746 1345 1801 Capitulo
1376 1760 1536 1804 nostro,
1570 1768 1596 1794 v

65 1803 269 1846 kalendas
290 1804 317 1846 J
322 1802 407 1854 ulii,
432 1818 544 1845 anno
565 1802 746 1844 Domini
767 1802 989 1844 millesimo
1013 1808 1145 1844 ccc¹¹³⁰
1168 1804 1440 1852 duodecimo.

185 2052 296 2080 XCII.
330 2052 498 2080 LITERA
533 2050 664 2078 MISSA
700 2049 885 2077 DOMINO
923 2050 1085 2078 PRIORI
1124 2051 1180 2079 ET
1213 2052 1395 2083 DECANO
1419 2057 1481 2084 DE'

184 2110 464 2138 AUKELANDE
504 2109 563 2137 UT
601 2108 769 2137 ESSENT
798 2107 971 2136 VICARII
1008 2110 1277 2139 GENERALES
1316 2113 1364 2141 1N
1399 2115 1480 2142 AB·

185 2169 349 2196 SENCIA
372 2169 516 2197 IPSIUS
539 2168 743 2196 RICARDI.

376 2245 486 2288 [Cart.
504 2245 579 2277 ΙΙΙ.
593 2244 616 2276 f.
634 2245 713 2282 278,
728 2245 757 2282 b,
775 2247 811 2277 et
828 2244 924 2288 Orig.
942 2247 971 2276 2.
990 2248 1020 2277 2.
1037 2245 1164 2279 Pontif.
1179 2247 1217 2280 P.
1241 2248 1289 2290 1.]

132 2325 342 2366 Ricardus
377 2323 653 2379 permissione
684 2322 828 2364 divina
850 2322 1151 2364 Dunelmensis
1176 2324 1409 2380 Episcopus
1431 2327 1596 2370 dilectis

69 2383 166 2424 filiis
202 2382 340 2424 Priori
376 2381 565 2423 ecclesiae
598 2389 757 2421 nostrae
779 2381 1096 2431 Dunelmensis,
1121 2390 1164 2422 et
1201 2382 1380 2424 Decano
1402 2386 1596 2428 ecclesiae

69 2450 229 2483 nostrae
261 2438 528 2495 prebendalis
560 2438 613 2479 de
637 2437 881 2488 Aukeland,
905 2438 1085 2479 salutem
1119 2441 1306 2493 graciam
1333 2453 1375 2482 et
1396 2442 1596 2486 benedic-

71 2501 252 2542 cionem.
318 2496 553 2552 Cupientes
589 2503 636 2536 ut
657 2495 879 2544 vcommissi
911 2495 1032 2537 nobis
1067 2496 1284 2551 regiminis
1321 2512 1420 2541 cura
1452 2502 1532 2543 rite
1554 2512 1597 2545 et

72 2566 164 2599 tute
187 2564 336 2612 agatur
371 2553 649 2609 sollicitaeque
679 2553 886 2594 custodiae
908 2553 1150 2608 deputetur,
1175 2555 1229 2596 de
1251 2557 1398 2597 vestris
1419 2558 1596 2602 circum-

72 2615 314 2671 speccione,
337 2612 559 2662 fidelitate,
583 2622 624 2652 et
657 2611 865 2652 industria
894 2611 1055 2665 plenius
1089 2614 1355 2656 confidentes
1382 2630 1456 2657 vos
1493 2633 1595 2660 con-

68 2673 251 2728 junctim
288 2681 331 2713 et
367 2670 532 2712 divisim
569 2670 612 2710 in
649 2670 802 2710 nostris
835 2669 1006 2711 civitate
1040 2678 1084 2711 et
1120 2670 1278 2712 diocesi
1301 2673 1593 2728 Dunelnoensi,

71 2747 202 2787 quam
223 2731 294 2771 (liu
317 2746 394 2771 nos
416 2729 563 2770 abesse
586 2727 826 2781 contigerit,
852 2739 1018 2769 nostros
1040 2728 1214 2770 facimus
1238 2739 1278 2771 et
1301 2732 1596 2776 constituimus

75 2788 249 2832 vicarios
264 2787 497 2844 generales,
545 2786 601 2828 Et
615 2785 886 2830 examinandi
903 2801 1264 2845 quarumcumque
1280 2789 1541 2835 eleccionum
1558 2795 1600 2835 in
