1807 2962
464 111 726 144 ROBERTUS
751 111 818 142 DE
846 111 1183 144 GRAYSTANES„
1527 100 1592 154 59

59 235 160 262 nem
197 217 530 273 Archiepiscopi,
553 226 596 260 et
636 218 890 261 exercicium
919 218 1229 273 jurisdictionis
1261 220 1361 261 sede
1393 230 1583 274 vacante,

60 279 175 320 unde
205 277 496 334 pronuntiavit
527 292 599 318 eos
629 277 815 334 legitime
836 276 1085 331 appellasse,
1107 286 1151 318 et
1172 277 1313 319 omnia
1334 287 1587 334 attemptata

55 346 156 392 post
177 346 219 377 et
248 344 410 385 contra,
444 334 563 376 irrita
594 335 722 376 fuisse
743 344 786 376 et
807 349 922 376 esse:
957 349 981 375 a
1001 350 1085 390 qua
1106 337 1315 377 sententia
1332 348 1585 392 procurator

60 394 396 449 Archiepiscopi‚
434 407 489 433 ex
529 392 706 434 adverso
743 393 928 442 veniens,
971 393 1201 448 appellavit
1247 394 1300 435 ad
1348 395 1584 437 Romanam

56 452 247 502 Curiam,
272 451 491 506 [etjudex
513 450 703 491 libellum
725 450 1049 506 appellatorium
1073 452 1126 493 ab
1149 466 1201 492 eo
1223 452 1365 507 peciit,
1389 469 1581 495 asserens

57 524 102 551 se
138 509 244 551 velle
274 508 550 564 appellationi
581 508 773 557 deferre·;
806 508 880 549 sed
910 508 1004 563 ipso
1036 523 1122 549 non
1146 510 1353 560 tradente,
1380 511 1519 566 judex
1540 522 1582 554 et

54 576 307 622 procurator
339 566 496 608 Prioris
528 576 571 607 et
605 566 781 621 capituli
811 565 1092 608 incontinenti
1114 567 1377 619 detulerunt,
1408 579 1450 610 et
1472 585 1583 625 prae-

54 626 163 667 fixus
195 635 260 666 est
289 624 379 666 dies
409 624 454 665 in
475 624 603 675 curia,
627 623 1062 680 proximusjuridicus
1084 635 1182 679 post
1195 626 1350 667 festum
1372 627 1581 669 Johannis

59 682 280 738 Baptistae,
323 682 564 738 oblataeque
605 692 702 723 sunt
751 682 1020 737 procuratori
1074 683 1396 740 Archiepiscopi
1447 686 1579 727 literae

53 741 316 791 dimissoriae⁹
354 740 430 781 sed
461 755 546 781 non
579 740 740 781 curavit
754 756 768 789 3
800 749 1052 796 procurator
1084 756 1187 783 vero
1212 742 1369 783 Prioris
1401 753 1444 785 et
1465 744 1581 799 capi-

50 799 130 840 tuli
153 799 335 856 benigne
356 797 555 853 recepit.]
624 798 796 855 Agebat
818 808 920 839 tunc
947 798 1301 855 Archiepiscopus
1319 802 1519 855 praefatus
1539 803 1580 843 in

51 857 241 912 partibus
278 856 568 898 transmarinis
608 871 689 911 pro
727 856 909 911 negociis
947 855 1049 906 istis,
1090 867 1133 898 et
1169 858 1228 899 ibi
1265 868 1458 901 mortuus
1501 871 1578 910 est,

50 915 166 956 nulla
198 914 343 957 habita
378 914 649 956 revocatione
671 929 893 970 processus
916 915 1094 969 praefati.
1161 915 1257 970 [Ex
1280 916 1359 958 isto
1381 933 1578 973 processu

50 973 158 1014 scire
181 985 313 1028 poteS‚
337 988 433 1029 quae
454 972 654 1027 exceptio
672 983 760 1014 erat
778 972 979 1026 legitima,
1004 983 1046 1014 et
1062 988 1158 1029 quae
1177 989 1275 1024 non,
1301 984 1343 1016 et
1361 978 1577 1031 quomodo

48 1046 178 1085 grave
210 1041 274 1072 est
295 1030 482 1086 capitulo
504 1045 598 1072 cum
622 1046 699 1071 suo
726 1030 939 1086 Episcopo
958 1031 1073 1072 litem
1096 1033 1250 1073 intrare
1272 1048 1366 1074 cum
1391 1050 1579 1090 quocun-

49 1104 145 1144 que,
165 1091 264 1145 quia
289 1089 502 1144 Episcopo
524 1089 773 1138 decedente,
797 1089 1026 1143 capitulum
1051 1089 1132 1130 litis
1151 1105 1280 1131 onera
1296 1093 1576 1147 supportabit.

50 1147 333 1202 Delegatione
368 1147 478 1187 facta
518 1146 730 1201 Episcopo
769 1147 1060 1197 Dunelmensi‚
1092 1157 1138 1189 ut
1171 1158 1237 1189 est
1274 1150 1447 1201 dietum,
1488 1152 1577 1192 Ro-

46 1205 194 1246 bertus
216 1206 269 1246 de
296 1205 534 1259 Picloering,
551 1205 659 1260 juris
682 1205 813 1245 civilis
838 1216 936 1245 tnnc
959 1206 1185 1260 professor,
1211 1207 1251 1246 in
1275 1218 1390 1249 veste
1413 1219 1577 1265 stragu-

46 1263 147 1312 lata,
187 1264 305 1319 quasi
339 1264 523 1317 armiger
556 1262 717 1312 fuisset,
753 1262 904 1303 laicum
934 1278 977 1304 se
1005 1264 1168 1318 fingens
1198 1275 1240 1305 et
1271 1267 1576 1321 rationesjuris

43 1321 257 1363 subtiliter
293 1321 333 1361 in
366 1321 519 1375 gallico
561 1321 762 1375 allegans,
802 1321 1028 1376 praefatum
1071 1322 1327 1377 Episcopum
1371 1325 1488 1374 adiit,
1533 1336 1576 1366 et

45 1379 383 1420 commissionem
425 1379 591 1420 cuidam
636 1393 714 1433 pro
771 1380 988 1420 voluntate
1041 1381 1238 1435 optinuit,
1277 1382 1350 1422 sed
1394 1383 1576 1424 instante

48 1438 233 1495 quodam
265 1452 342 1493 pro
368 1437 530 1487 Priore,
567 1452 611 1478 re
630 1438 808 1493 integra,
834 1437 913 1477 fuit
936 1438 1174 1479 commissio
1195 1446 1434 1494 revocata]

163 1779 259 1807 CAP.
300 1781 376 1807 XX.
446 1779 502 1806 DE
543 1780 942 1807 INTRONIZATIONE
987 1781 1178 1808 ANTONII
1227 1782 1448 1819 EPISCOPI,

159 1838 378 1865 CESSIONE
411 1838 596 1865 PRIORIS
631 1838 819 1865 RICARDI
856 1839 912 1864 DE
938 1839 1149 1866 CLAXTON
1173 1831 1251 1877 [ET
1275 1841 1331 1867 DE
1358 1842 1450 1868 HIIS

273 1896 375 1928 QUAE
398 1896 668 1923 VACACIONIS
692 1891 912 1923 TEMPORE
938 1891 1337 1937 CONTINGEBANT.]

548 2007 648 2047 [MS.
667 2007 749 2049 Cap.
769 2017 874 2039 eL111.
893 2007 950 2039 fol.
970 2008 1061 2048 1961]

103 2118 230 2158 Anno
254 2117 428 2158 Domini
450 2131 712 2168 MCCLXXXV‚
737 2117 779 2159 in
802 2118 946 2172 vigilia
968 2118 1196 2160 nativitatis
1223 2120 1475 2174 Dominicae‚
1500 2125 1569 2169 die

33 2190 96 2219 sc.
120 2176 246 2226 lunae,
270 2180 418 2230 [supe-r
441 2177 481 2217 A
502 2174 658 2225 litera‚]
690 2176 897 2230 ingressus
920 2187 985 2218 est
1006 2177 1142 2232 primo
1167 2180 1377 2220 Antonius
1404 2183 1568 2226 Dunel-

38 2233 192 2274 mensis
229 2233 463 2289 Episcopus
496 2242 590 2288 post
613 2249 731 2275 suam
753 2235 1117 2276 consecrationem
1140 2237 1360 2279 ecclesiam
1403 2241 1566 2283 Dnnel-

33 2306 237 2336 mensem.
303 2292 440 2346 Super
478 2292 596 2347 cujus
630 2291 958 2334 intronizatione
995 2303 1088 2334 orta
1124 2303 1189 2335 est
1222 2295 1422 2338 dissentio
1459 2300 1567 2342 inter

40 2350 246 2399 Priorem,
277 2349 548 2403 allegantem,
583 2350 697 2405 quod
720 2351 827 2391 sicut
850 2350 1203 2405 Archiepiscopus
1225 2352 1464 2397 installatnr
1488 2373 1566 2412 per

38 2407 262 2449 Decanum
310 2407 636 2456 Eboracensem,
687 2407 751 2448 ita
792 2408 1030 2463 Episcopus
1052 2409 1181 2449 habet
1208 2410 1451 2454 intronizari
1490 2431 1566 2470 per

38 2464 232 2506 Priorem
255 2464 583 2505 Dunelmensem
608 2465 727 2521 [quia
748 2464 861 2505 idem
877 2468 947 2521 jus
970 2466 1096 2506 habet
1123 2467 1245 2506 Prior
1267 2469 1320 2508 de
1343 2471 1563 2528 privilegio

30 2531 80 2563 et
100 2521 404 2564 consuetudine
427 2521 467 2561 in
491 2522 670 2562 ecclesia
695 2522 974 2563 Dnnelmensi
996 2523 1111 2578 quod
1133 2524 1261 2565 habet
1288 2526 1486 2572 Decanns
1519 2537 1560 2574 in

36 2581 214 2621 ecclesia
237 2579 530 2631 Eb01·acensi]‚
551 2589 593 2620 et
617 2579 852 2621 Officialem
881 2580 1192 2622 Eboracensem
1209 2589 1559 2631 consuetudinem

37 2639 227 2679 ecclesiae
248 2653 326 2692 pro
347 2652 391 2678 se
413 2637 686 2693 allegantem.
742 2638 828 2679 Sed
854 2638 1065 2679 Antonius
1088 2639 1196 2681 dixit
1217 2656 1261 2681 se
1280 2644 1391 2685 nolle
1414 2645 1454 2687 in
1474 2657 1560 2689 tam

33 2696 198 2737 solenni
236 2697 346 2736 festo
379 2694 704 2736 installationem
746 2710 864 2736 suam
905 2706 1078 2751 propter
1119 2712 1264 2740 eorum
1307 2701 1561 2748 discordiam

35 2754 271 2808 protelare3
305 2764 346 2795 et
368 2753 671 2809 protestatione
700 2753 812 2795 facta
834 2755 887 2795 de
910 2754 1049 2796 neutri
1072 2756 1181 2810 patri
1203 2756 1459 2815 injuriando,
1481 2781 1561 2820 per

756 2825 782 2852 E
816 2815 842 2852 3
1060 2813 1074 2828 ”
