1807 2962
469 122 747 157 APPEND1x.
778 121 896 154 ANN.
926 122 1185 155 mcccxrv.
1464 110 1598 156 cxxxi

68 233 241 275 beracio
288 232 597 288 subsequencia
647 232 763 287 quod
815 230 1167 273 confirmaciones
1208 234 1312 284 [ita]
1355 230 1595 285 indigentes

64 290 269 347 indagine
307 291 612 345 circumspecta
645 305 692 330 ac
723 290 921 344 ,gr-avima
954 289 1134 343 negocIa
1154 304 1225 330 eos
1248 288 1455 344 equalitci
1477 290 1596 331 sicud

63 364 139 390 nos
177 349 401 403 tangencia
437 363 534 405 quae
566 362 662 389 curn
697 363 851 402 magna
884 347 1127 389 maturitate
1161 356 1204 388 et
1238 361 1428 403 congiua
1459 347 1597 388 decidi

63 408 265 448 convenit
299 416 341 448 et
365 414 549 461 opor‚tet
584 407 625 446 in
654 405 770 447 dieto
792 406 999 447 duntaxat
1016 406 1203 471 capitulo
1225 404 1457 446 omnibus
1443 420 1598 460 appro-

61 465 264 506 bantibus
288 465 451 507 exitum
474 464 728 506 decisorium
753 464 935 505 finaliter
968 465 1216 505 sorciantur.
1304 463 1448 513 Unde,
1473 472 1595 513 pater

58 523 306 573 reverende,
340 531 585 578 reputantes
607 522 796 576 negocia,
822 531 864 564 et
885 521 1110 577 presertim
1141 521 1304 562 domini
1341 520 1513 562 Radulfi
1537 522 1592 562 de

60 581 217 631 Nevill‚
235 596 312 636 pro
329 581 512 637 quibus
496 595 585 636 Jam
608 580 844 639 sclipsistis,
863 589 905 621 et
926 580 1102 622 consilia
1121 580 1258 621 ardua
1273 579 1592 636 quodammodo

61 648 104 681 et
126 639 180 681 de
198 638 356 680 difficili
378 640 471 680 fieri
494 647 711 688 consueta,
744 653 798 679 ue
829 638 996 693 praefati
1018 638 1253 679 confratres
1276 637 1409 679 nosni
1432 637 1595 678 extrin-

59 697 146 739 seci
169 713 247 738 nos
265 712 444 752 alwguele
458 698 625 738 valeant
642 696 770 738 fuisse
790 696 911 737 nimis
926 696 1170 752 precipites,
1195 704 1235 737 et
1259 697 1311 737 ad
1336 696 1592 737 decisionem

57 757 336 810 negociorum
359 755 601 811 hujusmodi
624 763 800 810 propter
820 754 883 795 sui
910 754 1182 804 arduitatem,
1208 755 1304 809 ipsis
1327 753 1589 804 inconsultis,

58 813 248 855 indebite
271 813 533 867 processisse,
558 812 612 854 ad
634 827 685 854 ea
706 813 981 867 expedienda
1002 813 1183 854 finaliter
1204 822 1248 854 et
1271 812 1434 868 precise
1457 828 1592 868 usque

57 872 111 913 ad
134 872 286 913 annale
304 871 535 926 capitulum
554 871 669 927 quod
688 869 768 912 erit
788 870 901 912 circa
919 871 1075 912 festum
1095 870 1230 912 sancti
1252 870 1459 912 Johannis
1482 871 1592 925 Bap-

59 929 169 971 tistae
201 930 399 971 duximus
431 929 773 985 expectandum:
809 938 910 970 tunc
942 929 1068 979 enim,
1092 930 1323 970 recedente
1347 930 1593 970 nubevnunc

57 989 265 1043 opposita,
289 1003 365 1043 per
384 987 514 1043 ipsius
537 986 809 1028 clemenciam
832 987 902 1043 qui
921 997 1016 1043 post
1038 987 1182 1029 nubila
1203 987 1276 1028 dat
1298 1002 1493 1028 serenum
1519 988 1591 1028 fiet

59 1047 178 1086 vobis
201 1046 326 1088 unitis
349 1045 501 1087 nostris
532 1046 725 1086 sensibus
749 1045 771 1066 ³¹⁶
793 1056 919 1101 grata
949 1045 1170 1101 responsio
1202 1054 1245 1086 et
1277 1045 1591 1095 inoffendibilis,

59 1113 106 1145 ut
130 1119 360 1159 speramus.
430 1104 581 1145 Valeat
604 1112 744 1144 vestra
774 1104 1011 1145 reverenda
1041 1105 1275 1159 paternitas
1298 1104 1367 1143 diu
1392 1118 1594 1158 prospera

58 1171 101 1204 et
117 1162 321 1217 jocunda.
385 1162 501 1204 Data
522 1162 743 1212 Dunolmi,
767 1162 958 1203 secundo
981 1162 1050 1203 die
1072 1162 1517 1216 Januarii‚[1344-5.]

177 1437 267 1467 cxl.
318 1437 490 1469 QUIETA
534 1436 766 1464 CLAMACIO
811 1437 868 1464 DE
913 1438 1103 1471 QUODAM
1148 1439 1380 1466 MESUAGIO
1418 1439 1472 1465 VIN

481 1495 671 1523 LONDON
697 1495 744 1522 IN
771 1496 995 1523 LUMBARD
1013 1497 1169 1525 STRET.

657 1573 762 1618 [Reg.
781 1575 833 1607 11.
852 1575 873 1607 f.
897 1577 985 1619 122]

115 1649 328 1691 Noverint
343 1650 534 1691 universi
558 1666 633 1692 nos
657 1651 897 1693 ⁴Iohannem
924 1653 1080 1694 Fossor
1101 1653 1294 1695 'Priorem
1322 1653 1593 1694 Dunolmen-

54 1723 141 1749 sem
165 1718 206 1749 et
224 1709 410 1764 ejusdem
428 1709 509 1749 loci
530 1709 800 1751 Lomentum
816 1711 1086 1761 concessisse,
1106 1712 1329 1761 remisisse,
1348 1721 1391 1752 et
1415 1712 1590 1752 omuino

53 1766 108 1807 de
131 1766 252 1807 nobis
276 1776 316 1807 et
341 1781 557 1808 successor
562 1768 653 1809 ibus
684 1769 836 1809 nostris
869 1770 1059 1836 quietum
1082 1770 1299 1821 clamasse,
1329 1770 1513 1810 Ricaido
1535 1770 1588 1809 de

54 1824 95 1865 la
133 1824 235 1865 Pole
275 1825 410 1875 militi,
445 1836 488 1867 et
519 1826 729 1867 Johannae
763 1829 884 1868 uxori
916 1830 1020 1883 ejus,
1047 1837 1182 1869 totum
1206 1830 1279 1884 jus
1311 1838 1354 1869 et
1377 1829 1588 1869 clameum

53 1897 150 1938 quae
172 1883 407 1933 habuimus,
429 1883 493 1924 ve'l
515 1883 658 1940 aliquo
681 1885 808 1926 modo
830 1885 985 1927 habere
1005 1887 1255 1941 poterImus,
1280 1888 1321 1927 in
1346 1902 1429 1927 uno
1452 1900 1589 1926 mesu-

53 1956 151 1995 agio
172 1956 265 1981 cum
291 1941 562 1997 pertinenciis
586 1943 626 1983 in
650 1943 846 1984 London.
866 1943 906 1984 in
931 1944 1023 1985 vico
1042 1954 1192 1985 vocato
1213 1945 1432 1986 Lumbard
1453 1946 1583 1987 Suet,

61 1999 117 2039 Et
143 2001 260 2055 Jacet
292 1999 454 2040 dictum
487 2000 749 2054 mesuagium
786 2017 843 2043 ex
871 2011 992 2056 parte
1022 2002 1219 2043 clientali
1240 2003 1430 2044 ecclesiae
1453 2001 1587 2043 sancti

57 2056 272 2098 Edmundi
305 2066 348 2099 et
380 2057 573 2099 cimiterii
605 2059 795 2113 ejusdem
826 2060 1031 2102 ecclesiae,
1096 2061 1349 2102 Remisimus
1381 2061 1515 2103 eciam
1543 2069 1588 2101 et

54 2115 246 2171 quietum
268 2116 556 2166 clamavimus,
577 2132 658 2172 pro
690 2117 809 2159 nobis
841 2127 883 2159 et
904 2119 1216 2161 successoribus
1238 2119 1403 2170 nostris,
1428 2118 1588 2160 eisdem

57 2173 244 2215 Ricardo
266 2186 309 2215 et
341 2174 568 2225 Jobannae,
594 2184 635 2216 et
672 2191 820 2217 eorum
845 2177 1091 2227 heredibus,
1115 2177 1362 2219 omnimoda
1380 2176 1587 2243 redditus,

54 2230 317 2282 aisiamenta,
336 2241 377 2273 et
393 2247 441 2286 pr
444 2233 596 2282 oficua,
612 2234 666 2274 de
682 2234 797 2275 dicto
813 2236 1029 2290 mesuagio
1040 2235 1373 2289 exeuncia,prov
1378 2235 1582 2283 eniencia,

54 2289 342 2344 percipienda,
378 2290 442 2331 vel
474 2290 700 2340 habenda3
732 2293 793 2332 ita
813 2293 930 2347 quod
961 2308 986 2334 a
1008 2293 1135 2335 modo
1168 2292 1207 2333 in
1231 2293 1346 2333 dicto
1369 2292 1587 2345 mesuagio

54 2361 132 2387 nee
155 2362 196 2386 in
213 2347 362 2403 aliquo
388 2347 561 2388 redditu
589 2348 693 2390 inde
725 2359 911 2391 exeunte
944 2350 1008 2391 vel
1042 2350 1332 2405 proveniente,
1358 2351 1455 2391 vel
1448 2365 1488 2390 ln
1510 2349 1586 2390 ali-

53 2405 207 2460 quibus
221 2405 421 2460 proficuis
440 2405 529 2445 vel·
521 2405 778 2446 aisiamentis
801 2407 956 2448 ibidem
974 2408 1193 2457 habendis,
1203 2408 1273 2462 jus
1292 2408 1356 2448 vel
1375 2409 1585 2449 clameum

52 2462 224 2517 exigere
249 2462 313 2503 vel
339 2462 558 2503 vendicare
580 2478 663 2504 non
685 2464 932 2518 poterimus,
956 2466 1031 2506 sed
1062 2466 1115 2506 ab
1133 2466 1245 2506 omni
1270 2468 1366 2522 jure
1384 2465 1588 2519 mesuatrii

53 2520 263 2576 praedicti,
288 2529 330 2562 et
362 2520 664 2576 cujuscumque
702 2522 906 2573 redditus,
944 2523 1135 2577 proficui,
1160 2532 1203 2564 et
1224 2524 1458 2564 aisiamenti
1485 2523 1588 2564 iude

55 2577 414 2633 proveniencium,
448 2593 525 2618 nos
557 2588 601 2620 et
630 2594 889 2621 successores
912 2590 1077 2623 nostros
1099 2581 1363 2622 excludimus
1386 2596 1461 2636 per
1483 2597 1592 2636 prae-

55 2645 196 2678 sentes
228 2636 366 2692 sigillo
397 2645 543 2677 nostro
575 2637 789 2678 communi
811 2638 1009 2693 signatas,
1076 2639 1176 2681 Hiis
1198 2640 1389 2691 testibus,
1416 2641 1589 2695 Rogero

104 2756 120 2774 ¹·
146 2755 169 2772 “
186 2754 243 2784 Vel
253 2754 298 2783 sic
311 2752 472 2794 pei-plena
483 2754 655 2797 responsio
668 2754 764 2787 nobis
775 2753 817 2787 de
827 2765 929 2797 super
941 2754 1185 2788 infundenda.”
1219 2756 1334 2789 These
1349 2756 1455 2789 words
1469 2769 1526 2791 are
1538 2757 1590 2789 in-

57 2798 209 2831 terlined
226 2802 261 2831 at
280 2799 346 2831 this
365 2798 472 2830 mark.

791 2858 803 2883 Ξ
840 2845 864 2883 2
