1807 2962
417 139 693 171 ArPENnix.
731 139 853 169 ANN.
885 137 1199 169 mccccxrw.
1430 120 1578 168 cclxix

44 249 112 290 hic
133 246 271 289 brevis
293 246 483 303 sequitur
503 246 683 296 mencio,
707 261 791 287 non
814 244 903 286 sine
924 245 1070 286 labore
1093 252 1135 286 et
1156 241 1299 285 studio
1321 242 1577 298 compilavit,

5 342 14 348 Ι
48 316 90 348 et
113 321 188 361 per
216 305 452 346 Robertum
481 304 792 346 Westmorland
814 303 939 345 scribi
961 303 1074 344 fecit.

108 365 156 405 ln
178 362 335 418 primis,
359 363 471 404 idem
494 363 726 413 Johannes,
750 370 976 418 antequam
1009 370 1101 402 erat
1121 360 1162 400 in
1187 358 1378 400 Priorem
1401 365 1580 408 creatus,

53 422 238 475 collegit,
257 435 334 476 per
349 421 523 472 modum
539 421 827 471 articulorum,
840 422 939 476 jura
956 427 999 460 et
1014 417 1236 474 privilegia
1250 416 1584 458 Archidiacona—

47 490 115 521 tus
160 479 317 521 Prioris
370 479 412 518 in
454 478 639 520 ecclesiis
674 478 772 528 suis,
815 479 1015 519 adversus
1055 476 1304 530 magistrum
1343 474 1585 516 Johannem

50 537 260 579 Rekenall
287 536 643 577 Archidiaconum
668 535 1020 584 Northumbriae3
1052 543 1095 576 et
1117 534 1230 575 idem
1261 532 1425 574 articuli
1447 531 1588 574 valent

49 596 104 637 ad
122 595 411 636 defensionem
433 604 582 635 contra
602 594 962 635 Archidiaconum
985 593 1338 635 Dunelmensem.

108 654 231 703 Item,
257 653 325 694 De
352 652 591 693 Primordio
613 662 656 693 et
682 652 910 706 Progressu
936 651 1055 693 Sedis
1080 649 1344 706 Episcopalis
1366 656 1408 690 et
1432 647 1589 690 Mona-

48 711 181 752 chicae
204 709 542 752 conversacionis
570 710 855 751 Ecelesiarum
881 709 1237 751 Lindisfarnensis
1259 715 1302 748 et
1326 707 1589 748 Dunelmen-

50 770 119 819 sis,
153 769 268 824 prius
299 768 614 823 compendiose,
649 778 746 823 post
781 768 959 809 Librum
994 783 1047 808 ex
1081 765 1522 820 diversisfj'Opusmilis
1545 773 1588 806 et

51 827 193 869 multis
218 827 394 881 Scriptis
413 826 635 880 fidedignis
651 826 890 867 collectum.
959 825 1012 868 Ο.
1036 830 1075 867 2.
1197 826 1354 876 [leese
1369 827 1592 877 references

47 887 158 938 νῷν
181 886 385 938 probably
414 891 452 926 to
484 886 548 925 tlze
579 888 798 938 respective
829 886 1073 934 documents,
1106 897 1150 924 so
1171 885 1353 933 marked,
1373 884 1594 936 preserved

46 947 94 985 ‚in
114 945 179 984 tlte
206 943 452 995 Treasury]
541 987 553 994 x
711 977 717 981 Α,

115 1002 223 1042 Item
246 1000 432 1041 diversos
458 1000 643 1041 Rotulos
674 999 865 1054 depictos
896 1015 1021 1055 super
1043 998 1261 1041 Miraculis
1287 999 1429 1040 Sancti
1451 998 1587 1039 Cuth-

51 1059 175 1108 berti‚
200 1073 296 1099 cuni
320 1059 523 1100 Versibus
545 1058 705 1098 eisdem
745 1058 967 1099 Miraculis
1005 1056 1376 1108 concordantibus,
1414 1072 1493 1112 pro
1529 1057 1590 1099 vi-

49 1117 256 1159 triacione
282 1117 468 1157 Claustri
491 1116 555 1157 vel
580 1116 679 1156 alibi
703 1115 911 1157 facienda.
976 1117 1026 1158 B.
1049 1120 1089 1157 3.
1108 1116 1149 1157 d.

114 1175 222 1216 Item
246 1174 357 1214 idem
379 1173 551 1228 collegit
573 1189 627 1214 ex
650 1174 823 1215 (liversis
849 1173 1040 1215 Cronicis
1073 1183 1115 1215 et
1150 1172 1327 1228 Scriptis
1352 1172 1591 1214 Fundacio-

51 1247 152 1274 nem
180 1232 538 1273 Monasteriorum
563 1231 688 1287 Nigri
715 1232 888 1273 Ordinis
926 1231 1072 1273 Sancti
1097 1231 1322 1273 Benedicti
1346 1231 1454 1272 infra
1474 1232 1590 1285 Reg-

57 1305 157 1331 num
191 1290 374 1346 Angliae.
440 1291 491 1331 C.
514 1294 555 1334 4.

117 1349 226 1389 Item
245 1348 359 1403 quod
385 1347 506 1388 Prior
528 1357 570 1388 et
596 1347 844 1403 Capitulum
867 1362 953 1388 non
974 1347 1134 1389 habent
1157 1347 1339 1388 scribere
1361 1346 1441 1387 hoc
1465 1361 1591 1388 voca-

54 1406 203 1447 bulum
230 1407 515 1447 Obede'eneiam
538 1405 579 1446 in
603 1406 686 1447 suis
718 1406 1122 1461 praesentacionibus
1145 1406 1321 1446 domino
1349 1405 1592 1460 Archiepis-

54 1479 166 1519 copo
194 1464 463 1505 Eboracensi.
529 1464 580 1507 L.
602 1467 641 1507 5.
667 1465 710 1505 d.

118 1522 227 1563 Item
251 1522 363 1562 idem
391 1522 512 1563 Prior
534 1523 695 1563 notavit
718 1523 758 1562 in
777 1521 929 1578 quibus
956 1521 1095 1563 Libris
1117 1529 1160 1562 et
1183 1520 1391 1575 Capitulis
1413 1520 1594 1562 fundan-

56 1588 129 1621 tur
158 1580 389 1634 Scripturae
419 1580 496 1620 sub
529 1580 707 1634 pedibus
744 1580 1000 1634 Ymaginum
1027 1579 1342 1621 Monachorum
1365 1579 1418 1619 ad
1442 1579 1591 1621 Altare

53 1637 188 1679 sanct-i
213 1637 436 1678 Benedicti
455 1653 465 1686 3
499 1652 593 1678 cnm
609 1637 959 1692 snperaddicione
977 1637 1241 1678 diversorum
1256 1636 1475 1678 nominum
1493 1653 1590 1694 quae

54 1697 170 1751 prius
193 1710 277 1736 non
300 1705 420 1736 erant
437 1695 593 1749 scripta
614 1696 681 1736 vel
702 1696 896 1737 collecta.
959 1695 1015 1736 D.
1035 1696 1074 1739 6.

121 1754 240 1803 Item,
278 1754 362 1794 Pro
399 1753 670 1795 Immunitate
705 1754 910 1802 Reorum,
949 1753 1003 1794 ad
1034 1752 1282 1802 Ecclesiam,
1317 1752 1590 1795 Cimiterium

53 1812 122 1853 vel
143 1810 271 1852 alium
294 1811 434 1852 locum
457 1811 564 1852 infra
585 1820 706 1867 septa
731 1811 986 1852 Monasterii
1009 1810 1366 1864 confugiencium.

120 1870 243 1919 Item,
272 1869 357 1910 Pro
374 1869 642 1922 separalitate
671 1870 904 1910 Boscorum
936 1877 980 1910 et
1003 1869 1236 1910 Terrarum
1261 1868 1594 1909 Dominicalium

53 1928 110 1969 ,de
138 1926 261 1968 Elvet
300 1927 355 1968 ad
395 1927 687 1968 Hostillarium
711 1928 1019 1981 pertinencium
1039 1942 1049 1975 ς
1072 1941 1233 1967 necnon
1257 1941 1333 1979 pro
1354 1936 1471 1968 secta
1496 1927 1594 1968 Mo-

54 1984 213 2027 lendini
231 1985 283 2027 de
308 1984 508 2027 Scaltoke
530 1994 573 2026 et
598 1985 730 2027 Furni
754 1985 912 2027 Prioris
935 1985 989 2027 de
1014 1984 1172 2025 Elvett.
1238 1984 1288 2028 E.
1315 1988 1356 2028 8.

118 2043 242 2093 Item,
270 2044 354 2084 Pro
386 2043 655 2097 separalitate
687 2043 885 2085 habenda
906 2044 947 2083 in
975 2042 1101 2083 Mora
1122 2042 1175 2084 de
1201 2042 1498 2099 Beaurepayre
1521 2043 1595 2084 ad-

61 2115 204 2142 versus
227 2109 418 2143 tenentes
441 2101 495 2142 de
522 2102 669 2143 Veteri
694 2102 856 2155 Burgo.
921 2101 967 2142 F.
991 2104 1016 2144 9
1040 2101 1081 2144 d.

119 2158 243 2209 Item,
277 2159 360 2200 Pro
394 2173 622 2200 communa
652 2168 826 2213 pastura
855 2160 896 2200 in
930 2173 1051 2199 mora
1081 2158 1135 2199 de
1163 2157 1459 2215 Queryngdon
1492 2159 1600 2199 inter

58 2231 221 2257 moram
236 2217 290 2257 de
307 2216 539 2271 Shyncliffe
562 2226 604 2257 et
622 2231 785 2258 moram
806 2217 862 2258 de
881 2216 1137 2266 Trillesden,
1154 2230 1279 2271 quam
1303 2231 1467 2257 moram
1483 2216 1599 2257 Wil-

58 2274 226 2315 lielmus
252 2273 457 2315 Elmeden
480 2288 555 2328 per
576 2283 712 2315 cartas
735 2289 846 2315 rasas
868 2283 912 2315 et
934 2275 988 2315 de
1011 2287 1124 2314 novo
1145 2273 1322 2327 scriptas
1343 2273 1497 2314 clamat
1519 2273 1598 2313 mi-

60 2331 269 2385 nusjuste
300 2331 354 2372 ad
372 2332 607 2372 manerium
630 2347 752 2372 suum
782 2332 836 2372 de
859 2331 1101 2372 Trillesden
1138 2331 1365 2385 pertinere,
1385 2346 1470 2372 una.
1500 2346 1598 2373 cum

60 2389 320 2444 probacione
337 2389 451 2445 quod
474 2389 600 2429 dictae
622 2398 750 2430 cartae
773 2397 870 2429 sunt
894 2388 1104 2431 invalidae.
1170 2388 1236 2432 M.
1266 2392 1330 2431 10.
1356 2389 1397 2429 d.

122 2447 246 2497 Item,
274 2447 358 2488 Pro
389 2461 512 2487 cursu
545 2461 667 2502 aquae
701 2446 932 2488 molendini
963 2447 1017 2487 de
1053 2446 1175 2496 Hett‚
1199 2461 1278 2500 per
1312 2445 1597 2490 Willielmum

69 2505 277 2546 Elmeden
309 2504 522 2545 chevalier
553 2504 701 2553 fracto,
726 2512 767 2545 et
794 2519 819 2545 a
840 2503 972 2545 fundo
995 2503 1184 2558 ejusdem
1206 2504 1382 2560 antiquo
1405 2504 1446 2544 in
1468 2504 1596 2545 alium

66 2563 244 2603 fundum
269 2562 448 2604 diverso.
516 2561 571 2602 N.
600 2565 662 2602 ll.
685 2562 727 2603 d.

130 2621 249 2670 Item,
279 2620 361 2661 Pro
386 2620 516 2661 Curia
542 2619 696 2661 Prioris
723 2619 835 2673 apud
862 2618 1244 2674 Hemyngeburgh,
1268 2619 1383 2675 quod
1407 2627 1599 2661 tenentes

65 2677 225 2719 ibidem
249 2692 332 2719 non
355 2678 514 2719 debent
537 2692 783 2734 comparere
808 2677 847 2717 in
867 2677 997 2718 Curia
1015 2677 1068 2718 de
1086 2677 1217 2719 Leete
1236 2677 1347 2731 apud
1368 2677 1599 2721 Houedem

70 2735 127 2785 Q.
156 2738 218 2776 12.
