1807 2962
191 132 301 180 XCVl
520 147 654 179 HIST.
683 145 921 179 DUNELM.
945 142 1252 176 SCRIPTORES
1278 141 1418 173 TRES.

187 253 361 296 evidens
384 253 670 296 testimonium
692 262 734 295 et
755 250 1089 307 complecionem
1111 249 1248 304 sigilla
1267 247 1457 304 parcium
1475 246 1716 291 alternatim

186 327 273 354 una
303 327 399 353 curn
430 312 575 367 sigillis
604 311 907 353 venerabilium
930 319 1098 364 patrum
1119 308 1389 349 dominorum
1412 306 1716 349 Dunelmensis

187 379 233 411 et
269 370 552 412 Carleolensis
585 370 880 424 episcoporum
904 376 946 409 et
968 366 1140 421 capituli
1165 363 1445 406 Eboracensis
1466 363 1563 404 huic
1586 364 1717 419 scrip-

189 436 298 469 turae
328 427 560 469 indentatae
583 425 916 483 quadripartitae,
941 433 982 466 et
1005 426 1047 465 in
1065 423 1239 465 modum
1261 421 1471 478 cirograffi
1492 421 1714 472 confectae‚

187 486 443 527 unanimiter
472 495 516 527 et
546 484 817 526 concorditer
846 491 944 524 sunt
966 496 1163 537 appensa.
1227 479 1325 521 Hiis
1349 479 1541 529 testibus,
1565 479 1718 533 magis-

188 544 262 584 tris
285 543 511 584 Willelmo
544 543 599 584 de
635 541 848 597 Pykering
863 540 969 596 juris
992 538 1183 581 canonici
1204 546 1249 579 et
1272 537 1466 578 Roberto
1488 537 1541 578 de
1563 538 1716 578 eadem

179 600 287 657 juris
309 601 441 641 civilis
462 600 766 655 professoribus
788 599 842 640 de
861 597 1121 653 Torpennob
1139 605 1183 638 et
1204 596 1258 637 de
1283 594 1428 636 Bilton
1445 593 1717 636 ecclesiarum

186 659 434 709 rectoribus,
460 659 655 699 Roberto
677 657 730 699 de
752 657 794 698 la
812 656 953 698 Forde
967 655 1172 697 canonico
1192 652 1502 702 Beverlacensi,
1521 651 1717 694 Johanne

188 716 243 757 de
278 716 599 771 Lythegregnes
630 715 732 757 dicti
763 713 924 756 domini
944 712 1151 755 Johannis
1173 711 1451 752 Eboracensis
1474 709 1718 764 Archiepis-

189 773 286 829 copi
327 774 572 824 senescallo,
614 774 816 828 magistro
851 771 1075 813 Willelmo
1116 770 1169 811 de
1208 767 1429 824 Lyncoln'‚
1465 767 1519 808 de
1559 769 1718 809 Sauce-

186 831 328 886 thorp,
372 831 551 873 dominis
591 831 760 872 Thoma
795 830 848 871 de
889 829 1046 870 Sancto
1087 827 1322 881 Botulph0‚
1360 825 1414 867 de
1439 825 1712 877 Suthdaltor,

193 889 333 930 Adam
368 889 421 931 de
458 889 696 939 Mareham,
739 889 793 929 de
830 887 1035 943 Estweyt,
1074 886 1346 927 ecclesiarum
1380 883 1632 933 rectoribus,
1671 894 1717 925 et

193 947 385 988 Roberto
419 947 473 988 de
509 946 769 1001 Notingham
806 944 974 995 clerico,
1012 959 1062 985 ac
1092 943 1237 984 multis
1259 941 1350 983 aliis
1371 940 1650 996 praesentibus
1673 949 1717 982 et

188 1004 360 1059 rogatis.
438 1005 555 1046 Data
590 1005 705 1059 apud
743 1004 985 1045 Eboracum
1019 1002 1061 1042 in
1097 999 1284 1055 capitulo
1320 997 1491 1052 majoris
1523 998 1715 1040 eeclesiae

189 1062 306 1104 beati
340 1062 472 1112 Petri,
509 1077 593 1118 quo
627 1062 681 1103 ad
713 1060 1030 1117 apposicionem
1059 1058 1295 1115 sigillorum
1326 1055 1486 1097 domini
1509 1056 1716 1097 Johannis

189 1120 509 1174 Arcbiepiscopi
532 1128 575 1161 et
592 1119 765 1175 capituli
789 1116 1069 1159 Eboracensis
1084 1115 1399 1171 praedictorum,
1419 1124 1571 1169 quarto
1585 1128 1716 1154 nonas

193 1178 465 1229 Novembris,
506 1192 619 1220 anno
662 1177 831 1220 Graciae
872 1174 1094 1217 millesimo
1135 1171 1423 1215 ducentesimo
1455 1171 1717 1226 octogesimo

189 1244 326 1279 sexto,

310 1480 459 1508 LXXIV.
493 1479 662 1508 ABBATI
700 1478 759 1506 DE
804 1478 922 1506 ALBA
960 1479 1112 1506 LANDA
1149 1480 1206 1506 AD
1248 1478 1600 1506 PROCEDENDUM

308 1538 492 1566 CONTRA
526 1536 824 1565 EXECUTORES
862 1537 1067 1564 BOBER'PI
1106 1537 1164 1563 DE
1201 1536 1369 1564 INSULA
1392 1536 1600 1563 EPISCOPI

310 1596 358 1622 IN
404 1596 543 1624 CAUSA
584 1594 860 1622 DEBITARUM
896 1594 955 1622 AD
994 1594 1278 1622 INSTANTIAM
1317 1593 1505 1622 PRIORIS
1544 1593 1600 1620 ΕΤ

307 1653 520 1682 CAPITULI
544 1652 883 1681 DUNELMENSIS.

748 1731 861 1774 [Cart.
884 1730 959 1763 111.
974 1729 998 1763 f.
1022 1732 1096 1771 173,
1114 1731 1163 1774 b.]

248 1809 452 1851 Nicolaus
490 1809 740 1863 Episcopus,
777 1823 923 1849 servus
960 1823 1178 1849 servorum
1202 1807 1300 1858 Dei,
1335 1807 1492 1849 dilecto
1514 1806 1603 1848 filio
1630 1805 1717 1846 Ab-

189 1867 279 1908 bati
311 1867 555 1908 monasterii
577 1867 631 1908 de
656 1866 909 1915 Albakmda,
938 1865 1354 1907 Praemonstratentis
1378 1864 1567 1914 Ordinis,
1592 1864 1717 1905 Dun-

190 1925 386 1966 elmensis
409 1925 635 1974 dioseseos,
660 1923 836 1964 salutem
860 1932 903 1963 et
925 1923 1203 1978 apostolicam
1224 1922 1591 1964 benediccionem.
1630 1922 1718 1962 Sua

190 1982 311 2023 nobis
333 1981 455 2023 Prior
476 1990 520 2022 et
544 1982 791 2022 Conventus
813 1980 1001 2021 ecclesiae
1021 1980 1324 2021 Dunelmensis
1345 1979 1556 2034 peticione
1576 1993 1718 2020 mons·-

191 2048 371 2088 trarunt,
398 2039 511 2094 quod
533 2038 656 2079 liceat
679 2039 802 2079 bonae
825 2037 1041 2078 memoriae
1069 2037 1283 2079 Robertus
1305 2037 1528 2092 episcopus
1551 2037 1717 2078 Dunel-

190 2096 344 2137 mensis
367 2096 575 2146 omnibus,
600 2095 750 2151 quibus
772 2097 813 2136 in
836 2095 977 2151 aliquo
999 2096 1235 2145 tenebatur,
1259 2110 1335 2150 per
1356 2110 1503 2136 manus
1525 2093 1714 2148 magistri

194 2154 374 2195 Roberti
405 2154 566 2195 Avenel
589 2153 781 2194 canonici
804 2152 991 2194 ecclesiae
1022 2153 1076 2194 de
1102 2153 1335 2203 Houedon,
1370 2152 1553 2194 Tbomae
1577 2152 1717 2193 Leve-

190 2212 307 2252 sham
331 2213 507 2252 rectoris
530 2210 718 2252 ecclesiae
740 2211 794 2251 de
815 2210 1024 2266 Stanhop‚
1048 2220 1091 2252 et
1112 2211 1291 2252 Henrici
1309 2211 1362 2251 de
1386 2210 1532 2251 Insula
1548 2209 1655 2259 laici,
1674 2218 1717 2250 et

190 2270 384 2319 aliorum,
410 2268 687 2311 Eboraeensis
705 2277 747 2310 et
764 2268 1059 2309 Dunelmensis
1077 2268 1315 2318 dioceseon,
1335 2283 1439 2324 quos
1457 2276 1715 2309 executores

192 2343 279 2369 suae
301 2327 461 2369 ultimae
483 2326 711 2368 voluntatis
733 2326 966 2376 constituit,
1005 2326 1058 2367 de
1079 2326 1201 2367 bonis
1223 2327 1277 2367 ad
1314 2341 1410 2367 eum
1435 2326 1599 2367 ratione
1620 2339 1716 2379 per-

189 2400 306 2426 sonae
321 2400 409 2426 suae
422 2386 706 2440 spectantibus
720 2384 911 2425 satisfieri
926 2384 1147 2435 mandarit,
1163 2393 1304 2425 tamen
1320 2383 1447 2424 iidem
1463 2392 1715 2424 executores

191 2444 349 2484 eisdem
377 2443 512 2484 Priori
534 2453 577 2484 et
601 2443 812 2484 Conventi
849 2442 903 2483 de
926 2441 1175 2498 quibusdam
1199 2441 1435 2496 pecuniaris
1458 2440 1647 2489 summis,
1672 2449 1715 2480 et

189 2502 313 2542 rebus
335 2502 438 2551 aliis,
462 2500 503 2541 in
526 2501 676 2557 quibus
694 2501 831 2542 dictus
855 2500 1090 2555 Episcopus
1112 2500 1214 2541 dum
1237 2499 1376 2540 adhuc
1398 2500 1572 2547 viveret,
1597 2505 1716 2538 tene-

189 2559 316 2600 batur
352 2559 522 2609 eisdem,
557 2560 616 2600 eis
649 2558 886 2600 satisfacere
922 2557 1112 2599 indebite
1135 2557 1446 2606 contradicunt,
1472 2556 1569 2596 licet
1593 2555 1648 2595 ad
1670 2554 1715 2595 id

190 2617 304 2657 bona
336 2617 529 2671 predicta
551 2617 741 2658 sufficere
764 2617 1070 2665 diuoscuntur3
1109 2615 1208 2663 Quo
1230 2615 1341 2656 circa
1362 2612 1605 2655 discretioni
1628 2621 1714 2653 tuae

189 2689 269 2728 per
289 2674 522 2729 apostolica
548 2675 703 2729 scripta
723 2674 983 2724 mandamus,
1009 2673 1204 2730 quatinus
1236 2672 1425 2728 partibus
1458 2669 1712 2720 convocatis,

191 2732 336 2773 audias
357 2747 524 2773 causam
544 2748 554 2780 3
587 2741 628 2773 et
651 2732 915 2787 apellacione
933 2740 1108 2781 remota,
1127 2732 1261 2772 usuris
1278 2730 1552 2778 cessantibus,
1568 2728 1714 2769 debito

192 2789 275 2829 sine
306 2790 473 2832 decidas
493 2806 503 2839 ς
536 2790 693 2832 faciens
726 2790 840 2846 quod
862 2789 1134 2832 decreveritis
1157 2804 1232 2845 per
1253 2802 1475 2832 censuram
1499 2784 1715 2828 ecclesias-
