1807 2962
453 94 725 127 APPENDIX.
765 95 884 127 ANN.
915 97 1193 129 MCCCCLVI.
1441 88 1602 134 cccxix

275 212 590 243 WERMOUTHE.
1140 218 1339 248 L1'rHUM.

68 289 281 331 Dominus
318 290 511 333 Thomas
555 293 801 352 Bradebery
875 294 1089 337 Dominus
1159 296 1377 338 Johannes
1449 298 1603 355 Barlay

184 347 386 402 magister
407 349 579 391 ibidem.
994 353 1118 394 Prior
1138 354 1311 398 ibidem.

68 403 281 446 Dominus
314 406 505 448 Thomas
535 408 713 456 Qwhele
736 425 804 452 so-
874 410 1086 452 Dominus
1108 411 1325 452 Johannes
1351 412 1515 467 Ryhale
1538 430 1604 456 so-

183 462 270 504 cius
303 464 509 518 ejusdem.
993 468 1081 509 cius
1113 469 1318 524 ejusdem.

259 568 426 596 INSULA
448 571 604 599 SACRA.
926 573 1072 601 CELLA
1114 574 1275 602 SANCTI
1319 575 1555 605 LEoNAnm

66 645 474 688 DominusThomas
495 648 660 691 Warde
674 649 796 691 Prior
984 632 1132 659 JerA
1155 632 1499 667 STAMFORDIAM.

183 704 355 745 ibidem.
873 709 1082 764 Magister
1155 710 1366 753 Ricardus
1441 713 1603 755 Barton

66 761 280 802 Dominus
311 762 527 804 ,Iohannes
565 764 699 806 Kirke
733 780 800 806 so·
991 767 1114 808 Prior
1135 767 1309 811 ibidem.

182 819 268 859 cius
292 820 494 875 ejusdem.
869 824 1084 866 Dominus
1115 826 1332 868 Johannes
1363 827 1517 871 Hoton
1539 844 1604 870 so-

64 876 278 918 Dominus
309 878 524 919 Johannes
550 878 798 936 Bradebery
987 883 1075 924 cius
1109 884 1313 938 ejusdem.

180 936 385 993 magister
406 936 460 977 de
481 936 767 982 Farnelande.

183 1194 372 1224 CCXLIII.
399 1193 535 1222 COPIA
554 1194 712 1222 CARTAE
732 1194 862 1226 QUAM
878 1195 1147 1224 PECIERUNT
1170 1199 1314 1227 PRIOR
1337 1201 1393 1228 ET
1413 1202 1486 1229 CA-

181 1252 393 1279 PlTULUM
432 1252 642 1281 DUNELM.
678 1253 702 1280 A
729 1253 852 1280 REGE
877 1254 1110 1282 SIGILLARI
1134 1255 1189 1283 ET
1208 1258 1408 1285 CONCEDI
1427 1261 1484 1286 DE

182 1310 369 1336 DECIMIS
394 1310 546 1337 REGIIS
582 1310 671 1337 PER
702 1311 914 1338 PRIOREM
948 1312 1003 1338 ET
1027 1313 1293 1342 CAPITULUM
1318 1316 1371 1342 AC
1396 1317 1485 1343 PER

187 1367 355 1394 CELLAS
381 1368 684 1394 IMPOSTERUM
717 1368 814 1395 NON
845 1368 1095 1398 SOLVENDIS
1117 1371 1207 1400 NEC
1233 1372 1487 1401 COLLIGEN-

186 1425 272 1455 DIS.
323 1425 404 1453 SED
428 1426 521 1453 NON
546 1426 663 1453 ERAT
687 1426 871 1453 PETICIO
897 1426 1136 1457 CONCESSA.

646 1502 756 1547 [Orig.
782 1503 863 1536 Loc.
890 1505 944 1538 19.
968 1505 1039 1548 28,]

127 1581 274 1622 Please
298 1581 329 1622 it
353 1590 454 1623 unto
477 1581 549 1622 the
570 1581 687 1637 kyng
708 1595 810 1622 oure
846 1582 1038 1623 soverain
1071 1582 1179 1634 lord‚
1218 1584 1268 1624 of
1282 1583 1345 1625 his
1367 1594 1476 1627 most
1499 1586 1601 1641 high

66 1639 149 1679 aud
172 1639 298 1680 noble
319 1654 458 1694 grace,
484 1650 528 1679 to
549 1649 704 1694 graunt
736 1638 824 1679 hise
855 1640 1094 1692 graciouses
1111 1640 1257 1682 lettres
1279 1650 1475 1696 patentes
1499 1654 1602 1686 unto

64 1696 153 1738 hise
176 1712 334 1752 pouere
356 1698 439 1738 and
461 1695 694 1738 continuell
730 1704 923 1737 oratours
956 1698 1028 1738 the
1067 1698 1220 1739 Priour
1241 1700 1326 1740 and
1359 1700 1527 1744 Covent
1558 1702 1608 1743 of

66 1755 137 1795 the
163 1756 442 1811 Monasterye
465 1755 515 1795 of
533 1754 743 1795 Duresme
766 1763 811 1795 to
846 1754 900 1795 be
930 1755 1056 1796 made
1089 1756 1199 1797 after
1220 1757 1294 1798 the
1330 1758 1494 1800 fourme
1517 1761 1603 1801 and

65 1812 191 1853 effect
213 1813 262 1853 of
279 1813 350 1854 the
373 1822 520 1854 tenure
542 1813 645 1853 here
668 1812 802 1853 under
819 1811 981 1865 writen,
1000 1813 1084 1854 and
1107 1814 1208 1871 they
1225 1814 1328 1856 shall
1347 1831 1478 1873 praye
1497 1826 1605 1859 unto

68 1871 170 1913 God
192 1871 258 1911 for
273 1886 407 1927 youre
430 1880 539 1911 most
562 1870 689 1911 noble
711 1878 859 1911 estate.

128 1929 238 1978 Rex,
263 1929 476 1979 omnibus,
515 1929 570 1969 ad
607 1943 726 1984 quos,
759 1935 829 1977 etc,
869 1928 1060 1972 salutem.
1127 1929 1279 1972 Sciatis
1310 1931 1426 1987 quod
1446 1947 1523 1973 nos
1545 1933 1602 1975 ad

67 1987 381 2028 Monasterium
402 1988 490 2027 sive
514 1986 754 2027 Prioratum
778 1986 1126 2037 Dunelmensem,
1161 1988 1272 2029 infra
1292 1990 1408 2045 quod
1429 1990 1601 2046 quidem

69 2044 385 2086 Monasterium
408 2059 559 2099 corpus
581 2043 755 2100 gloriosi
777 2043 1029 2085 confessoris
1053 2045 1188 2086 sancti
1214 2047 1456 2098 Cuthberti,
1480 2049 1599 2103 cujus

67 2117 211 2157 preces
233 2117 310 2156 pro
331 2102 452 2144 nobis
474 2117 602 2157 penes
621 2101 881 2144 Altissimum
904 2102 1066 2143 effundi
1087 2103 1314 2157 plurimum
1331 2106 1600 2156 confidimus,

66 2160 250 2215 gloriose
282 2161 508 2217 requiescit
546 2160 809 2210 translatum,
845 2168 1000 2200 nostrae
1037 2161 1188 2201 mentis
1222 2161 1430 2204 interioris
1451 2164 1598 2204 oculos

67 2218 311 2272 dirigentes,
345 2219 621 2274 volentesque
638 2217 803 2259 dilectis
833 2218 954 2258 nobis
976 2217 1018 2258 in
1043 2218 1214 2260 Christo
1233 2220 1466 2261 Willielmo
1483 2235 1599 2261 nunc

71 2275 208 2316 Priori
229 2275 312 2317 loci
334 2276 526 2331 praedicti
557 2284 601 2318 et
622 2276 813 2332 ejusdem
845 2276 927 2316 loci
951 2276 1193 2317 Conventui
1215 2284 1258 2317 et
1284 2279 1596 2319 successoribus

66 2333 154 2374 suis
174 2342 343 2376 nostros
365 2334 563 2389 speciales
585 2334 772 2388 graciam
794 2342 836 2374 et
859 2333 1048 2374 favorem
1070 2333 1367 2388 benignissime
1388 2335 1596 2390 impartiri

67 2390 122 2432 de
138 2392 281 2446 gracia
301 2402 445 2434 nostra
466 2392 650 2447 speciali,
667 2392 721 2433 ad
737 2391 821 2432 Dei
837 2391 1006 2431 laudem
1023 2398 1066 2432 et
1081 2391 1302 2442 honorem,
1319 2408 1367 2433 ac
1383 2393 1599 2446 gloriosis-

67 2448 184 2491 simae
207 2450 376 2503 virginis
402 2450 554 2491 Mariae
572 2458 616 2491 et
632 2449 777 2491 matris
796 2448 955 2490 domini
973 2448 1104 2489 nostri
1122 2448 1221 2490 Jesu
1244 2449 1416 2502 Christi,
1437 2459 1478 2492 et
1495 2450 1599 2492 dicti

66 2507 239 2561 gloriosi
262 2508 541 2559 Confessoris,
565 2522 621 2549 ex
642 2522 762 2548 mero
785 2514 902 2547 motu
925 2515 968 2548 et
988 2515 1102 2547 certa
1117 2507 1299 2548 sciencia
1325 2508 1478 2549 nostris
1499 2523 1601 2550 con-

66 2565 278 2616 cessimus,
301 2581 379 2621 pro
402 2566 522 2608 nobis
541 2565 770 2607 heredibus
792 2572 834 2606 et
864 2564 1174 2605 successoribus
1195 2565 1361 2616 nostris,
1385 2566 1599 2620 praedictis

67 2638 180 2665 nunc
197 2624 337 2666 Priori
355 2633 398 2666 et
416 2623 659 2667 Conventui
674 2632 717 2664 et
731 2621 1041 2663 successoribus
1055 2621 1153 2672 suiS,
1169 2622 1285 2678 quod
1299 2622 1375 2677 ipsi
1392 2633 1435 2665 et
1451 2639 1597 2666 eorum

67 2696 329 2724 successores
350 2697 398 2724 ac
422 2683 556 2724 Cellae
593 2696 680 2722 suae
718 2681 771 2721 de
800 2679 1134 2735 quibuscumque
1156 2680 1330 2722 decimis
1352 2689 1395 2722 et
1412 2683 1599 2737 qualibet

67 2749 186 2794 parte
208 2740 482 2791 decimarum,
507 2755 555 2782 ac
573 2739 663 2780 aliis
685 2737 891 2787 subsidiis,
927 2737 1106 2787 auxiliis,
1142 2739 1293 2793 quotiS,
1318 2750 1360 2780 et
1384 2740 1599 2782 contribu-

69 2797 284 2840 scionibus
308 2798 660 2855 quibuscmnque,
697 2796 817 2838 nobis
853 2810 921 2838 seu
956 2795 1184 2847 heredibus
1212 2805 1283 2839 aut
1306 2799 1600 2841 successoribu
