1807 2962
185 63 321 110 CCCXl
518 81 655 112 I-IIST.
682 81 920 114 DUNELM.
950 81 1256 113 SCRIPTORES
1283 81 1423 114 TRES.

179 186 358 240 juratoe,
383 198 425 229 et
448 187 725 238 examinatos,
762 187 974 244 inquisivit
1013 188 1260 245 diligencius
1284 188 1521 238 veritatem,
1560 196 1603 229 et
1625 203 1723 230 cum

187 259 263 298 per
284 245 398 287 dicta
418 255 459 287 et
481 245 776 301 deposiciones
804 246 1047 301 hujusmodi
1084 261 1374 301 personarum,
1411 255 1457 287 ut
1478 246 1719 301 praefertur,

180 304 431 357 juratarum,
471 314 694 359 ceteraque
727 305 984 345 documenta
1020 303 1207 358 legitima
1229 319 1369 345 coram
1403 303 1493 359 ipso
1515 305 1724 359 producta

188 361 377 402 exhibita
393 371 436 402 et
458 361 650 417 probata,
685 371 948 416 compertum
977 361 1115 403 fuerat
1144 364 1278 416 ipsum
1316 362 1510 403 Electum
1530 362 1658 403 fuisse
1680 371 1723 404 et

189 433 278 459 esse
301 419 434 460 virum
468 420 521 460 ad
558 419 801 474 hujusmodi
838 419 1091 473 dignitatem
1133 419 1443 474 suscipiendam
1473 420 1657 461 habilem
1681 430 1724 461 et

188 477 421 532 ydoneum,
474 478 652 519 liberum
717 487 759 518 et
812 477 865 518 de
926 477 1061 519 libero
1122 477 1399 533 legitimoque
1451 477 1723 519 matrimonio

190 544 474 589 procreatum,
515 535 561 575 in
602 543 730 576 aetate
771 535 972 589 legitima,
1014 546 1054 576 et
1096 535 1244 576 ordine
1287 535 1519 577 sacerdocii
1559 536 1724 578 notorie

190 593 481 643 constitutum,
515 607 644 634 sacrae
676 593 842 650 paginae
874 593 1172 648 professorem,
1211 593 1403 635 otdinem
1427 595 1561 635 sancti
1588 594 1727 635 Bene-

192 650 293 691 (11111
312 666 512 706 expresse
535 651 783 705 professum,
820 651 862 691 in
897 651 1185 706 spiritualibus
1216 661 1257 692 et
1294 651 1595 706 temporalibus
1626 667 1726 707 pro-

192 709 334 749 vidum
358 719 401 750 et
423 709 668 759 discretum,
693 724 741 750 ac
763 709 852 750 aliis
875 709 1077 750 viltutum
1106 709 1263 750 meritis
1285 709 1606 764 multipliciter
1598 725 1726 766 mfflg·

192 766 343 817 nitum,
378 767 533 808 dictam
556 782 727 823 quoque
749 766 1004 808 eleccionem
1027 767 1081 807 de
1116 766 1206 821 ipso
1225 768 1397 817 iactam,
1430 779 1523 832 post
1545 767 1728 821 diligen-

191 834 278 866 tem
307 825 670 866 examinacionem
708 834 750 866 et
782 824 1083 866 discussionem
1104 824 1307 880 ejusdem,
1330 840 1379 866 ae
1402 825 1536 866 tocius
1559 839 1728 879 proces-

191 898 261 924 sus
285 883 416 923 habiti
449 884 489 923 in
513 883 662 924 eadem
696 883 775 923 rite
812 891 854 923 et
891 882 1078 936 legitinie
1101 882 1372 932 celebratam,
1407 883 1531 923 fuisse
1554 892 1595 924 et
1618 898 1723 932 esse,

191 941 405 1006 nichilque
437 940 727 995 impedimenti
761 940 800 980 in
838 955 887 981 ea
919 950 1037 994 parte
1070 940 1357 990 intervenisse,
1382 940 1605 995 quominus
1637 941 1728 996 ipsa

192 998 349 1040 eleccio
369 999 427 1039 sic
450 999 665 1039 celeblata
686 998 823 1039 valeat
853 998 1106 1047 confirmari,
1130 998 1301 1038 servatis
1324 998 1452 1054 1011111·
1475 998 1665 1053 plimitus
1684 1014 1729 1039 111

193 1072 245 1098 ea
266 1065 385 1112 paite
407 1056 602 1097 omnibus
640 1064 683 1096 et
719 1055 894 1111 singulis
927 1055 981 1096 de
1007 1056 1106 1110 jure
1144 1055 1367 1111 requisitiS,
1401 1056 1556 1097 dictam
1579 1056 1727 1098 elecci—

193 1130 321 1156 onem
363 1115 417 1155 de
451 1114 541 1168 ipso
574 1114 703 1155 fratre
739 1090 938 1154 Johanne
978 1114 1165 1168 Burnby,
1205 1123 1418 1169 tamquam
1457 1115 1511 1156 de
1547 1129 1727 1169 persona

192 1173 322 1213 habili
347 1182 388 1213 et
409 1173 590 1227 ydonea,
611 1181 658 1213 ut
680 1171 969 1226 praemittitur,
993 1172 1263 1217 celebratam.
1284 1172 1532 1213 meritorum
1554 1187 1725 1213 suorum

193 1230 365 1279 intuitu,
392 1245 613 1271 commissa
634 1229 713 1271 sibi
734 1229 988 1270 auct01itate
1011 1229 1251 1279 ratificavit,
1269 1230 1536 1284 approbavit,
1561 1240 1603 1271 et
1626 1245 1727 1271 con-

193 1288 376 1329 firmavit
409 1288 642 1337 diffinitive,
665 1298 707 1328 et
739 1287 779 1327 in
808 1287 986 1342 scriptis,
1010 1302 1238 1343 curamque
1260 1297 1303 1328 et
1326 1288 1512 1342 regimen
1536 1289 1726 1353 ejusdem

194 1346 440 1387 monasteiii
472 1347 559 1387 sive
589 1346 817 1395 Prioratus,
852 1360 947 1386 011111
981 1346 1064 1386 suis
1090 1345 1256 1400 juribus
1279 1355 1322 1386 et
1344 1346 1613 1400 peltinenciis
1638 1347 1727 1387 uni-

189 1405 338 1455 velsis,
377 1404 514 1445 eidem
555 1404 706 1445 Electo
742 1413 785 1445 et
820 1404 1073 1445 confirmato
1109 1404 1372 1460 integraliter
1408 1404 1646 1454 commisit,
1678 1419 1727 1445 ac

194 1464 330 1518 ipsum
367 1464 408 1503 iu
441 1462 705 1518 corporalem
753 1463 1061 1516 possessionem
1099 1471 1142 1503 et
1174 1463 1332 1503 realem
1366 1462 1615 1512 eorundem,
1649 1478 1728 1517 per

198 1521 559 1562 Archidiaconum
601 1529 791 1561 nostrum
833 1520 1180 1569 Dunelmensem,
1224 1529 1297 1561 aut
1339 1521 1425 1574 ejus
1457 1521 1723 1574 deputatum,

197 1579 341 1619 debite
374 1579 516 1620 induci
547 1580 775 1628 mandavit,
810 1593 975 1618 necnon
999 1588 1154 1619 caetera
1178 1578 1276 1619 fecit
1298 1588 1340 1619 et
1364 1579 1582 1633 expedivit
1604 1578 1645 1618 in
1677 1594 1728 1619 ea.

196 1646 319 1692 parte.
356 1636 588 1678 necessaria
625 1645 665 1678 et
702 1637 757 1677 de
784 1638 881 1691 jure
916 1636 1128 1691 requisita,
1152 1645 1282 1689 prout
1313 1652 1368 1677 ex
1390 1636 1491 1678 actis
1514 1637 1597 1676 suis
1629 1636 1726 1677 inde

198 1695 417 1745 confectis,
442 1704 484 1735 et
517 1710 658 1735 coram
691 1694 812 1735 nobis
845 1694 1062 1744 exhibitis,
1086 1709 1133 1735 ac
1157 1694 1197 1734 in
1220 1695 1400 1748 registro
1421 1703 1569 1735 nostro
1591 1709 1728 1735 rema-

195 1753 393 1794 nentibus
424 1752 558 1809 liquet
590 1751 839 1800 manifeste3
877 1753 1043 1807 juribus
1076 1761 1215 1793 tamen
1250 1753 1414 1801 nostris,
1438 1761 1524 1793 tam
1557 1753 1727 1793 racione

197 1810 480 1866 prerogativae
498 1819 653 1851 nostrae
675 1811 818 1864 regiae,
836 1825 961 1866 quam
980 1810 1194 1864 dignitatis
1211 1809 1471 1864 episcopaliS,
1490 1810 1611 1851 nobis
1634 1824 1728 1864 per-

198 1869 446 1918 tinentibus,
480 1883 646 1909 necnon
680 1868 807 1908 dictae
839 1878 997 1909 nostrae
1028 1868 1280 1909 cathedralis
1312 1867 1500 1908 ecclesiae
1522 1867 1729 1908 libertati-

197 1927 291 1977 bus,
315 1926 559 1982 privilegiis,
595 1935 636 1966 et
669 1925 888 1979 dignitate,
914 1927 954 1965 in
988 1925 1183 1967 omnibus
1205 1940 1371 1979 semper
1391 1924 1528 1965 salvis.
1595 1925 1725 1966 Unde

197 1999 274 2025 nos
297 1983 516 2038 praemissa
547 1982 689 2024 omnia
710 1992 753 2024 et
782 1983 960 2037 singula,
986 1984 1058 2032 sic,
1084 1994 1130 2023 ut
1160 1983 1445 2037 praemittitur,
1469 1997 1544 2037 per
1565 1982 1727 2023 dictum

197 2051 389 2083 nostrum
412 2040 741 2081 commissarium
776 2050 818 2082 et
855 2055 995 2081 coram
1020 2056 1071 2081 eo
1094 2049 1202 2091 acta,
1226 2041 1350 2090 facta,
1374 2040 1502 2089 dicta,
1526 2049 1659 2094 gesta,
1682 2050 1728 2082 et

196 2099 467 2141 laudabiliter
488 2099 702 2153 expedita,
726 2099 766 2139 in
800 2098 1086 2139 testimonium
1119 2098 1178 2139 rei
1200 2109 1333 2152 gestae
1354 2097 1609 2139 auctoritate
1630 2114 1729 2139 nos-

198 2166 264 2199 tra
285 2156 498 2198 ordinaria
518 2156 775 2198 ratificamus
799 2165 841 2197 et
859 2157 1155 2211 approbamus,
1179 2172 1227 2198 ac
1249 2172 1299 2197 ea
1319 2156 1462 2197 onmia
1482 2166 1525 2197 et
1547 2156 1725 2211 singula,

198 2224 406 2271 quantum
438 2215 480 2255 111
516 2214 635 2254 nobis
669 2224 747 2265 est,
788 2223 935 2255 tenore
973 2215 1250 2269 praesencium
1293 2215 1605 2257 confirmamus,
1678 2215 1727 2255 In

197 2289 379 2329 quorum
416 2275 602 2313 omnium
634 2282 675 2313 et
708 2272 969 2327 singulorum
1002 2273 1288 2314 testimonium
1313 2283 1440 2328 atque
1461 2273 1590 2312 fidem
1614 2272 1728 2326 sigil-

197 2332 285 2372 lum
308 2341 497 2372 nostrum
520 2331 573 2371 ad
594 2345 740 2371 causas
777 2331 1059 2385 praesentibus
1082 2340 1145 2372 est
1167 2346 1416 2386 appensum.
1481 2330 1597 2371 Data
1618 2330 1729 2371 vice-

197 2390 303 2430 511110
343 2389 493 2445 quinto
535 2388 602 2429 die
645 2388 795 2429 mensis
841 2389 1109 2438 Novembris,
1144 2404 1257 2429 anno
1292 2387 1467 2429 Domini
1510 2393 1727 2429 M⁰cccc¹¹¹⁰

193 2447 541 2503 quinquagesimo
582 2458 719 2498 sexto,
756 2456 797 2488 et
840 2456 997 2488 nostrae
1032 2447 1322 2489 translacionis
1363 2461 1475 2488 anno
1516 2461 1631 2487 nono
1653 2445 1727 2487 de-

194 2521 321 2549 011110.
