1807 2962
688 101 965 132 APPENDIX.
1484 89 1593 135 xxx-i

343 338 457 365 xxn.
492 338 637 366 CARTA
661 339 799 366 ALANI
825 337 1321 369 COMITISAERITANNIAE.

611 418 697 460 [Ex.
714 418 809 462 Orig.
831 420 857 450 l.
875 421 908 450 3.
928 419 1050 461 Ebon]

127 495 181 538 A.
205 494 359 536 Comes
380 495 614 536 Britanniae
636 505 680 537 et
707 496 876 550 Angliae
893 496 1088 551 dapifero
1103 511 1179 537 suo
1197 505 1240 537 et
1257 496 1596 539 conestabulario

59 562 111 594 et
132 554 363 595 camerario
379 554 693 609 baronibusque
711 554 1002 595 suisomnibus
1020 563 1063 595 et
1086 554 1341 604 hominibus,
1363 554 1537 595 Francis
1555 565 1597 596 et

68 611 232 665 Anglis,
249 612 440 653 salutem.
508 612 657 653 Sciatis
679 627 747 653 me
769 613 987 653 monachis
1009 613 1063 654 de
1082 613 1299 654 Dunelmo
1321 612 1520 654 ecclesias
1542 614 1596 655 de

69 669 298 711 Welletun
332 670 445 711 soch’
483 669 524 710 in
561 670 837 712 elemosinam
875 671 929 711 ad
963 671 1192 712 tenendum
1225 672 1278 712 (16
1301 686 1368 712 me
1390 671 1431 712 in
1455 671 1595 726 capite

63 729 325 769 concessisse
363 738 406 770 et
446 728 631 778 dedisse,
675 737 718 770 et
754 729 976 770 dimidium
1016 729 1296 779 Honderlac’,
1338 745 1416 784 pro
1458 729 1599 771 anima

65 785 195 840 patris
218 786 299 827 mei
320 796 364 828 et
385 802 493 830 mea.
558 786 760 828 Testibus
787 787 957 829 Rualdo
979 788 1335 839 conestabulario,
1355 798 1398 830 et
1420 788 1597 830 Rollan-

61 843 123 884 do
150 843 351 886 Hachedt
373 856 418 887 et
442 845 630 900 Hugone
653 845 899 887 camerario.

360 961 501 1015 Lai-ge
532 961 670 1002 round
701 962 785 1003 seal
809 962 858 1003 of
882 961 1008 1004 white
1031 977 1137 1004 wax·
1205 964 1379 1006 Obverse
1401 963 1471 1004 the
1496 963 1597 1004 Earl

300 1035 354 1059 on
408 1019 643 1060 horseback
696 1021 736 1060 iu
783 1035 969 1064 armour.
1052 1022 1242 1075 Sz’qz’llum
1293 1027 1336 1061 ÷
1382 1022 1595 1066 ALANI.

302 1077 521 1118 VERAN
530 1108 634 1119 ......
643 1080 818 1120 Reverse
840 1079 911 1120 the
933 1094 1047 1121 same
1054 1109 1220 1121 .........
1230 1079 1487 1122 ANGLYe
1514 1079 1598 1123 ET

305 1135 632 1176 BRITANNe
655 1142 711 1180 ψ.

185 1378 317 1407 XXIII.
354 1378 500 1405 CARTA
530 1378 729 1405 HENRICI
754 1378 888 1405 PRIMI
922 1378 979 1404 UT
1012 1378 1155 1405 PRIOR
1186 1377 1241 1404 ET
1263 1377 1477 1405 MONACHI

185 1436 522 1463 DUNELMENSES
547 1436 717 1462 LIBERE
752 1437 807 1463 ET
830 1436 1043 1463 PACIFICE
1067 1436 1345 1463 POSSIDEANT
1368 1436 1479 1463 TER-

191 1494 271 1521 RAS
295 1495 400 1521 SUAS
426 1495 480 1521 ET
500 1494 821 1522 POSSESSIONES
845 1495 893 1521 IN
912 1494 1343 1523 NOTINGHAMSCIRA.

648 1571 757 1613 [Cart.
775 1572 849 1604 ΙΙΙ.
874 1570 898 1603 f.
922 1572 1012 1612 105.]

130 1649 344 1690 Hem'icus
366 1649 463 1690 Rex
489 1648 655 1702 Angliae
673 1648 902 1703 Radolpho
917 1648 970 1689 de
990 1649 1209 1703 Agencurt
1226 1658 1268 1689 et
1296 1649 1523 1691 willielmo
1541 1651 1595 1692 (16

69 1707 260 1748 Lunetot
283 1716 325 1748 et
357 1707 553 1747 omnibus
576 1706 772 1747 fideiibus
796 1709 882 1747 suis
905 1707 958 1747 de
985 1706 1374 1763 Notinghamscira‚
1400 1708 1592 1750 salutem.

72 1766 223 1806 Sciatis
246 1767 345 1821 quia
376 1766 472 1806 volo
495 1775 536 1806 et
558 1766 748 1806 concedo
780 1775 826 1805 ut
849 1765 1046 1806 monachi
1071 1765 1382 1807 Dunelmenses
1406 1766 1463 1808 ita
1484 1767 1594 1809 bene

26 1833 30 1834 ⁷
67 1834 109 1865 ct
128 1824 358 1865 honorifice
381 1832 558 1864 teneant
581 1831 624 1863 et
656 1823 842 1864 habeant
864 1835 995 1865 terras
1017 1838 1112 1864 suas
1135 1832 1178 1864 et
1200 1824 1530 1868 consuetudines
1552 1836 1594 1866 et

64 1897 211 1923 onmes
229 1897 292 1923 res
311 1898 406 1923 suas
422 1883 475 1922 de
498 1881 885 1937 Notinghamsciia‚
900 1881 1007 1922 sicut
1025 1881 1171 1922 melius
1191 1892 1232 1922 et
1249 1882 1431 1937 quietius
1450 1892 1595 1925 tenue-

66 1952 165 1981 runt
187 1950 379 1994 tempoie
402 1939 532 1995 patiis
555 1948 598 1980 et
619 1940 757 1981 fr·at1is
780 1939 862 1981 mei
885 1949 926 1981 et
950 1955 1057 1989 meo,
1082 1939 1123 1979 in
1145 1940 1282 1995 buigo
1305 1950 1348 1981 et
1371 1950 1518 1990 ext1a3
1552 1950 1595 1983 et

65 1998 173 2040 sicut
213 2014 383 2054 piaece}
373 1998 400 2039 i
437 2008 481 2039 et
517 1999 706 2039 concessi
728 1999 785 2039 eis
817 2014 895 2054 per
925 1999 1072 2039 biexia
1093 2013 1199 2040 mea.
1264 1999 1321 2040 Et
1343 1999 1594 2041 nominatim

64 2057 168 2098 duas
187 2067 424 2098 carrucatas
443 2066 582 2106 teiiae,
605 2072 706 2112 quas
730 2056 1141 2098 diiaeioeinavemnt
1163 2072 1265 2111 eiga
1290 2057 1524 2099 Fulconem
1539 2058 1594 2100 (16

69 2115 217 2156 Lusor’
240 2115 353 2170 apud
374 2115 531 2156 curiam
551 2130 702 2165 meam,
720 2125 761 2157 et
783 2115 1096 2156 sicuthomines
1111 2115 1366 2169 juraverunt
1389 2116 1442 2156 de
1465 2117 1595 2158 comi-

64 2182 154 2214 tatu
178 2182 219 2214 et
241 2188 315 2228 per
336 2183 518 2229 quatuor
541 2173 697 2214 solidos
720 2189 794 2228 per
815 2189 969 2214 anuum
1003 2182 1044 2213 et
1078 2188 1162 2213 non
1186 2174 1278 2229 plus
1301 2176 1340 2215 ei
1363 2174 1460 2215 inde
1492 2175 1593 2216 faci-

63 2240 152 2273 ant.
223 2232 278 2272 Et
299 2231 522 2286 pecuniam
546 2246 642 2286 quae
665 2232 777 2287 cepit
798 2231 883 2273 cito
905 2232 1123 2274 reddatur.
1190 2232 1322 2273 Teste
1346 2232 1516 2286 Nigello
1538 2232 1592 2273 (16

67 2288 241 2331 Albinn’
263 2290 376 2344 apud
403 2290 642 2332 wodestoc.

214 2534 336 2561 XXIV.
372 2534 518 2562 CARTA
548 2534 743 2562 HENRICI
769 2534 903 2561 REGIS
928 2533 985 2560 DE
1010 2533 1446 2561 NOTINGHAMSCHIR.

648 2612 757 2652 [Cart.
776 2612 850 2644 111.
868 2611 890 2643 f.
914 2612 1003 2654 105.]

129 2688 344 2730 Hem-icus
376 2704 453 2730 rex
479 2689 658 2744 Angliae,
685 2689 867 2730 Thomae
895 2687 1153 2729 Eboraceusi
1178 2687 1529 2745 Archiepiscop‹)‚
1553 2701 1595 2733 et

68 2745 240 2802 Nigello
262 2748 316 2790 de
338 2748 524 2799 Albinn',
549 2760 591 2790 et
616 2748 811 2790 Roberto
834 2747 887 2789 de
914 2745 1045 2788 Heriz
1070 2745 1307 2787 vicecomiti
1331 2747 1383 2788 de
1409 2747 1595 2805 Noting-
