1807 2962
501 88 776 120 &PPENDIX-
817 88 936 119 ANN.
967 86 1153 117 mcccc.
1424 72 1609 117 clxxxiii

192 390 312 418 CLXI.
345 390 606 417 MANDATUM
633 390 782 417 CLERO
807 387 1054 416 DIOCESEOS
1078 387 1287 414 DUNELM.
1317 386 1491 413 MISSUNI

189 449 248 475 AD
279 449 544 477 ARMANDUM
570 449 619 475 SE
644 448 827 476 CONTRA
849 446 1056 474 INIMlcos
1080 445 1225 473 REGNI
1250 445 1306 472 ET
1334 444 1493 472 ESSEN-

191 506 292 534 DUM
316 507 532 534 PARATOS.

670 581 769 625 [Loe.
787 584 839 616 19.
859 582 925 615 No.
942 584 1012 626 24]

131 658 320 701 Thomas
361 660 415 701 de
455 660 655 709 weston,
694 659 934 700 licentiatus
969 659 1011 699 in
1049 657 1226 712 legibus,
1268 657 1608 700 Archidiaeonus

69 716 382 767 Dunelmensis‚
422 717 665 759 Reverendi
701 720 741 758 in
773 717 950 759 Christo
990 717 1129 758 Patris
1163 725 1207 757 et
1245 716 1404 757 domiui
1436 717 1608 757 Walteri

70 774 154 816 Dei
191 776 327 831 gratia
366 776 668 817 Dunolmensis
703 775 917 830 Episcopi,
957 774 1049 825 ipso
1082 774 1121 815 in
1154 774 1329 815 remotis
1362 786 1529 829 agente,
1562 774 1607 815 iu

75 832 371 886 Spiritualibus
392 835 587 875 Vicarius
619 834 845 888 generalis,
870 833 1106 874 reverendo
1128 844 1172 873 et
1195 832 1394 889 religioso
1416 832 1507 873 viro
1530 834 1607 873 do-

67 890 184 931 mino
214 892 401 933 Johanni
437 891 573 933 Priori
605 891 795 933 ecclesiae
821 891 1136 940 Dunelnoensis,
1163 906 1326 932 necnon
1350 891 1608 931 honorabili-

67 948 146 989 bus
188 950 285 989 viris
324 951 527 1004 magistro
563 950 749 991 Johanni
784 949 838 990 de
879 950 1040 990 Dalton
1077 949 1262 991 Officiali
1303 949 1604 999 Dunolxnensi,

66 1006 243 1048 domino
278 1008 471 1050 Roberto
494 1009 547 1049 de
575 1008 761 1063 Wyclyff
779 1007 1104 1049 constabulario
1128 1007 1425 1057 Duuolmensi,
1451 1007 1604 1063 magis·-

66 1065 139 1105 tris
161 1065 186 1105 J
191 1065 346 1106 ohanni
367 1066 420 1107 de
446 1066 599 1121 Danby
621 1067 826 1107 canonico
853 1066 1125 1114 Eboraceusi,
1151 1065 1391 1121 rectorique
1413 1066 1603 1106 ecclesiae

64 1123 317 1177 parochialis
339 1124 391 1166 de
413 1124 673 1165 Werinouth
703 1124 914 1178 Episcopi,
940 1133 981 1164 et
1004 1124 1191 1165 Johavnui
1214 1124 1267 1164 de
1289 1124 1442 1178 Cokyn
1466 1124 1604 1165 Deca-

65 1195 121 1220 no
155 1182 345 1222 ecelesiae
379 1182 631 1239 Collegiatae
663 1182 716 1223 de
751 1182 1080 1236 Langecliester‚
1104 1182 1280 1223 salutem
1307 1181 1345 1221 in
1370 1198 1420 1222 eo
1442 1182 1513 1239 qui
1536 1194 1602 1224 est

66 1240 254 1280 omnium
292 1255 389 1281 vera
422 1241 547 1282 salus.
616 1241 751 1281 Breve
784 1243 947 1293 regium
980 1255 1118 1294 nuper
1149 1240 1385 1294 recepimus
1410 1249 1601 1281 tenorem

65 1297 283 1338 continens
315 1297 642 1352 infrascriptum.
708 1299 921 1339 Henricus
956 1298 1040 1338 Dei
1072 1298 1209 1351 gratia
1248 1298 1340 1338 Rex
1364 1299 1533 1352 Angliae
1555 1310 1600 1339 et

67 1355 260 1396 Franciae
297 1365 341 1397 et
381 1356 591 1397 Dominus
628 1356 848 1397 Hiberniae
882 1356 1109 1397 venerabili
1132 1356 1173 1396 in
1200 1356 1373 1397 Clu-isto
1398 1356 1504 1410 patri
1536 1357 1599 1400 W,

65 1413 214 1454 eadem
246 1414 383 1468 gratia
418 1415 635 1469 Episcopo
669 1413 962 1464 Dunelmeusi‚
987 1414 1179 1457 salutem.
1249 1414 1361 1455 Satis
1384 1414 1600 1456 informati

64 1471 163 1511 estis
196 1472 376 1528 qualiter
409 1472 568 1513 inimici
603 1473 740 1514 nostri
778 1472 980 1520 Framiae,
1020 1483 1064 1513 et
1095 1472 1166 1513 ali-i
1199 1471 1277 1513 sibi
1309 1472 1596 1523 adhaerentes,

63 1530 253 1571 facinora
273 1546 347 1571 sua
368 1545 468 1584 erga
488 1546 564 1572 nos
585 1540 629 1571 et
653 1530 783 1585 ligeos
806 1541 984 1579 nostros,
1009 1530 1108 1571 licet
1124 1529 1351 1580 indirecte,
1376 1530 1429 1570 de
1464 1531 1532 1572 (lie
1556 1531 1597 1572 in

62 1587 176 1628 diem
194 1588 522 1644 circumquaque
543 1585 833 1638 ostendentes,
858 1604 955 1629 cnm
977 1603 1131 1645 magna
1151 1588 1283 1630 classe
1305 1589 1476 1629 navium
1499 1604 1595 1630 cuin

61 1645 250 1687 maxima
281 1646 552 1687 multitudine
584 1658 844 1687 armatorum
871 1656 914 1687 et
937 1646 1190 1687 bellatorum
1213 1662 1340 1701 supra
1363 1661 1475 1687 mare
1498 1662 1599 1688 con-

61 1703 239 1757 gregati,
273 1704 458 1746 diversas
489 1704 608 1745 villas
630 1719 757 1759 super
777 1713 964 1745 costerus
987 1704 1105 1758 regni
1127 1706 1260 1745 nostri
1287 1705 1455 1760 Angliae
1479 1704 1596 1747 inva-

62 1762 178 1811 dere,
214 1777 263 1803 ac
296 1777 371 1803 nos
405 1771 447 1803 et
477 1777 657 1816 regnum
690 1772 884 1803 nostrum
906 1763 1174 1817 praedictum,
1200 1778 1365 1803 necnon
1390 1764 1597 1818 populum

60 1829 253 1860 nostrum
276 1835 350 1874 per
373 1831 526 1862 terram
550 1829 593 1861 et
610 1835 725 1861 mare
746 1821 979 1869 destruere,
1004 1831 1047 1861 et
1069 1821 1291 1861 ecclesiam
1316 1821 1597 1875 Anglicanam

60 1877 250 1919 subicere
268 1893 361 1919 cum
385 1878 580 1919 omnibus
599 1878 753 1919 viribus
772 1878 997 1919 intendunt
1015 1888 1057 1919 et
1076 1888 1318 1934 proponunt
1334 1894 1344 1927 3
1370 1894 1442 1933 per
1464 1881 1594 1934 quod,

61 1936 251 1976 volentes
286 1935 512 1977 salvacioni
543 1936 645 1977 dicti
681 1938 821 1990 Regni
856 1936 986 1977 nostri
1007 1947 1050 1977 et
1072 1937 1326 1992 populorum
1350 1948 1595 1979 nostrorum

59 2008 107 2033 ac
135 1994 323 2036 ecclesiae
345 2005 501 2035 sanctae
523 2005 670 2035 contra
691 1995 899 2035 maliciam
923 2006 1163 2035 nostrorum
1187 1994 1466 2044 inimicorum,
1491 2012 1595 2051 ope-

58 2060 180 2092 rante
217 2051 448 2101 Altissimo‚
484 2052 724 2107 providere,
761 2068 835 2107 per
857 2053 1042 2093 diversas
1065 2054 1385 2094 commissiones
1408 2055 1593 2107 assigna»-

57 2111 193 2149 vimus
211 2120 346 2151 certos
364 2111 511 2151 fideles
534 2120 697 2151 nostros
720 2110 761 2150 in
783 2111 955 2164 sing-ulis
983 2111 1269 2152 Comitatibus
1298 2111 1435 2164 Regni
1461 2113 1593 2152 nostri

58 2167 250 2220 praedicti
273 2168 327 2208 ad
348 2168 632 2218 arraiandum‚
656 2184 703 2209 ac
731 2168 902 2209 arraiari
925 2179 965 2209 et
989 2168 1143 2209 armari
1166 2168 1421 2217 faciendum,
1446 2185 1592 2211 omnes

57 2225 249 2265 homines
283 2225 592 2273 defensabile53
628 2226 825 2266 videlicet
857 2226 1089 2281 quemlibet
1122 2226 1411 2279 eorumjuxta
1432 2237 1590 2268 statum

56 2293 100 2322 et
133 2282 353 2323 facultates
388 2298 507 2324 suas·
498 2314 507 2331 ,
545 2293 587 2324 et
619 2299 689 2323 eos
721 2285 937 2332 awaiatos,
962 2293 1146 2323 armatos
1169 2292 1213 2323 et
1237 2283 1435 2331 munitos,
1461 2284 1499 2323 in
1525 2300 1590 2325 ar-

54 2339 260 2381 raiatione
282 2340 525 2394 hujusmodi
549 2340 683 2380 teneti
706 2340 967 2388 laciendu1n3
999 2341 1056 2380 sic
1078 2340 1194 2395 quod
1215 2355 1381 2393 semper
1404 2343 1588 2396 ριοιιιρῑί

55 2397 138 2438 sint
171 2407 214 2438 et
251 2398 386 2452 palati
422 2398 476 2438 ad
513 2398 867 2452 pioficiscendum
902 2397 943 2437 in
976 2397 1266 2438 defensionem
1298 2401 1419 2451 iegui
1452 2401 1587 2441 nostri

53 2454 261 2509 praedicti,
301 2455 385 2504 ubi,
424 2470 472 2496 ac
505 2470 723 2511 quoclens,
762 2466 806 2495 et
839 2471 908 2511 qu
898 2455 1023 2501 mdo,
1057 2470 1112 2495 ex
1147 2456 1327 2495 hostium
1352 2456 1585 2498 incursibus

52 2513 286 2567 periculum
317 2514 549 2562 immineat,
577 2523 649 2553 aut
673 2528 842 2553 necesse
864 2512 990 2553 f·ue1it
1012 2513 1277 2568 aliqualiter·
1268 2544 1278 2561 ,
1312 2514 1392 2553 adi
1385 2529 1440 2554 ei
1444 2524 1582 2556 tentes

52 2586 154 2611 velo
187 2571 302 2626 quod
340 2586 426 2619 VOS,
462 2580 504 2611 et
536 2570 668 2611 ceteii
705 2570 888 2620 Praelati,
922 2585 970 2610 ac
1004 2581 1117 2611 totus
1146 2571 1581 2628 C1e1i1-‹1ictire‹rni,

51 2643 135 2669 una
157 2643 252 2668 curn
273 2629 363 2669 aliis
385 2628 580 2669 fidelibus
603 2627 754 2668 nostris
776 2629 830 2668 ad
852 2628 1129 2668 resistendum
1152 2628 1300 2669 dictis·
1293 2629 1467 2670 inimicis
1490 2646 1586 2671 uos

52 2686 125 2726 tiis
165 2701 250 2750 pio·
273 2686 512 2727 salvacione.
550 2696 710 2726 sanct-de
749 2686 939 2726 ecclesiae
976 2696 1020 2726 et
1057 2686 1243 2740 ejusdem
1282 2687 1404 2739 iegni
1435 2703 1581 2730 manus

52 2743 253 2784 tenemini
284 2759 500 2799 apponere
523 2743 763 2799 adjutrices,
789 2743 936 2784 vobis
928 2759 970 2784 111
994 2744 1078 2785 fide
1102 2754 1144 2785 et
1166 2744 1407 2795 dilectione,
1431 2761 1498 2802 qu
1493 2747 1581 2788 bus
