1807 2962
651 97 929 129 APPENDIX.
1536 90 1565 135 {i

140 310 306 340 xxxin.
342 309 487 338 CARTA
518 310 562 339 H.
593 308 793 336 SECUNDI
829 310 887 337 DE
919 310 1071 337 SHIRIS
1095 310 1366 339 HUNDREDIS
1392 313 1447 340 ET

718 367 875 395 CURIA.

627 442 740 480 [Cart.
757 444 786 475 Ι.
804 443 827 475 f.
847 446 890 477 60
908 445 939 476 b.

84 523 303 565 Hem-icus
342 522 441 563 Rex
477 522 644 575 Angliae
674 529 715 562 et
752 522 856 562 Dux
880 522 1158 563 Not-manniae
1181 531 1221 564 et
1247 524 1491 579 Aquitaniae
1512 533 1556 565 et

21 582 179 623 Comes
224 580 486 634 Andegaviae
523 580 577 620 R.
619 579 954 634 Archiepiscopo
990 581 1247 621 Eboracensi
1270 592 1311 622 et
1341 581 1553 636 Episcopo

24 638 319 688 Dunelmensi,
363 647 406 679 et
442 636 707 686 JusticiariiS,
748 647 790 678 et
826 637 1177 688 Vicecomitibus,
1224 639 1477 689 Baronibus,
1514 650 1557 682 ct

17 697 218 738 omnibus
240 695 439 737 ministris
457 695 540 735 suis
565 694 693 748 Angl.
718 695 914 738 salntem.
963 695 1172 750 Praecipio
1194 697 1310 751 qnod
1335 707 1426 738 tota
1444 707 1556 738 terra

17 763 64 796 et
84 754 277 795 homines
298 753 432 795 sancti
452 752 679 794 Cuthberti
702 761 744 793 et
765 753 1071 794 monachorum
1096 754 1453 795 Dunelmensiuin
1469 755 1555 796 sint

19 811 152 868 quieti
187 812 241 852 de
274 813 403 868 scyris
437 820 480 852 et
514 810 740 860 hundred',
775 810 968 864 tridingis
1005 819 1048 851 et
1087 822 1299 866 wapentas
1321 822 1363 853 et
1385 813 1551 853 auxiliis

25 869 334 919 Vicecomitum
350 879 392 910 et
412 868 752 924 praepositorum,
772 877 814 909 et
831 868 1018 923 plenarie
1036 869 1221 910 habeant
1237 869 1395 911 curiam
1415 886 1548 921 suam,

19 926 127 968 sicut
141 925 546 968 habuerunt'melius
570 937 760 980 tempore
782 927 913 980 Regis
931 926 1109 966 Henrici
1132 929 1199 967 avi
1223 929 1319 977 mei,
1345 940 1387 969 et
1404 943 1549 969 omnes

18 999 84 1025 res
106 1000 201 1026 suas
223 985 281 1026 ita
301 986 409 1026 benc
431 994 473 1025 et
494 983 635 1040 quiete
659 984 700 1023 in
722 999 828 1038 pace
850 993 1036 1033 teneant,
1061 999 1155 1024 cnm
1180 1000 1276 1026 saca
1296 994 1337 1025 et
1361 986 1487 1026 socha
1506 995 1550 1026 et

13 1042 138 1083 tolet
162 1054 272 1083 team
288 1053 330 1083 et
345 1041 651 1096 infangenthef,
672 1051 714 1081 et
731 1056 826 1081 cum
846 1041 1040 1082 omnibns
1058 1043 1433 1083 consuetudinibus
1448 1043 1545 1093 suis,

19 1100 127 1140 sicut
149 1115 346 1156 umquam
369 1099 517 1141 melius
539 1107 582 1140 et
604 1097 774 1139 liberius
803 1109 1048 1142 tenuerunt.
1096 1100 1152 1139 Et
1174 1100 1206 1139 si
1229 1100 1321 1155 quis
1345 1101 1401 1141 eis
1425 1116 1549 1156 super

13 1157 102 1198 hoc
142 1157 406 1207 forisfecerit,
451 1157 617 1210 plenam
658 1156 720 1196 eis
751 1157 967 1212 justiciam
1009 1156 1187 1197 faciatis.
1249 1158 1452 1199 'restibus
1494 1160 1548 1199 R.

20 1215 357 1270 Archiepiscopo
384 1214 659 1263 Eboracensi,
684 1221 727 1254 et
755 1214 1091 1254 Willielmorfilio
1113 1215 1335 1259 Johannis.
1422 1217 1550 1271 Apud

23 1272 282 1317 Eboracum.
712 1278 716 1281 '

184 1497 337 1525 XXXIV·
370 1496 553 1524 CHARTA
576 1495 773 1523 HENRICI
798 1494 998 1521 SECUNDI
1021 1494 1157 1521 REGIS
1182 1493 1379 1520 ANGLIAE„

498 1572 650 1614 [Cosin’s
670 1571 896 1615 Transcripts,
913 1572 969 1604 fol.
993 1575 1062 1616 13]

75 1652 294 1693 Henricus
311 1651 409 1692 Rex
424 1650 595 1704 Angliae
611 1650 718 1691 Dux
729 1648 1007 1689 Normanniae
1021 1657 1061 1689 et
1079 1648 1320 1703 Aquitaniae
1332 1656 1377 1689 et
1395 1648 1548 1690 Comes

17 1710 281 1767 Andegaviae
316 1708 649 1762 Archiepiscopo
685 1707 945 1748 Eboracensi
968 1716 1011 1746 et
1035 1705 1250 1760 Episcopo
1274 1705 1547 1747 Lincolnensi

11 1777 60 1809 et
79 1766 342 1816 JusticiariiS,
366 1774 410 1806 et
439 1764 787 1813 vicecomitibus,
812 1773 854 1804 et
881 1764 1135 1811 Bag-onibus,
1159 1773 1202 1803 et
1225 1764 1419 1803 omnibns
1443 1764 1547 1805 fide-

12 1825 123 1866 libus
159 1825 257 1874 suis,
286 1823 457 1865 Francis
495 1832 539 1864 et
573 1821 739 1876 Anglis,
778 1823 833 1861 de
863 1820 1120 1861 Ebosaschir
1142 1829 1183 1861 et
1207 1821 1477 1872 Linconshir,
1503 1832 1547 1862 et

14 1882 69 1923 de
103 1880 510 1930 Northumberland,
546 1879 740 1921 salutern.
803 1878 954 1920 Sciatis
985 1893 1053 1918 me
1081 1877 1338 1918 concessisse
1375 1878 1473 1918 Deo
1504 1890 1547 1919 et.

15 1940 175 1981 Sancto
195 1939 448 1988 Cutliberto,
473 1947 517 1979 et
534 1936 724 1978 ecclesiae
741 1935 1038 1984 Dunelmensi,
1057 1944 1098 1976 et
1122 1935 1296 1989 Hngoni
1317 1935 1544 1990 Episcopo,

10 2000 162 2038 omnes
197 2006 344 2046 terras,
383 1995 726 2044 consuetudines,
762 1994 892 2047 legeS,
930 2003 972 2034 et
1008 1993 1279 2048 quietudines
1318 1993 1370 2033 de
1393 1994 1545 2048 quibus

11 2055 207 2096 omnibus
238 2055 389 2096 seisata
413 2063 504 2095 erat
526 2053 732 2108 praedicta
754 2051 957 2100 Ecclesia,
981 2050 1050 2091 die
1071 2051 1153 2106 qu&
1175 2051 1333 2104 primus
1366 2051 1547 2092 Williel-

12 2126 105 2152 mus
125 2113 359 2168 Episcopus
382 2111 460 2152 fuit
485 2112 602 2151 vivus
624 2121 665 2151 et
685 2120 906 2157 mortuus;
940 2117 982 2149 et
1004 2108 1036 2148 si
1060 2108 1147 2162 ipsa
1169 2108 1389 2148 disseisata
1411 2119 1475 2149 est
1492 2109 1545 2150 de

15 2170 262 2224 supradictis
303 2170 427 2210 rebus
465 2168 549 2209 cito
587 2167 839 2208 reseisiatur.
905 2166 961 2207 Et
996 2165 1200 2220 praecipio
1239 2174 1285 2206 ut
1322 2166 1382 2206 ita
1418 2167 1543 2216 bene,

14 2228 155 2282 quiete
189 2238 231 2268 et
265 2227 501 2268 honorifice
533 2234 676 2266 teneat
698 2224 926 2280 praedictus
954 2223 1085 2277 Hugo
1120 2222 1354 2277 Episcopus
1378 2224 1545 2264 Dunel-

13 2285 183 2334 mensis,
216 2286 326 2324 sicut
353 2284 465 2336 prius
494 2283 723 2323 Willelmus
752 2282 984 2335 Episcopus
1007 2290 1048 2321 et
1075 2281 1284 2321 Ranulfus
1310 2281 1545 2334 Episcopus

15 2352 300 2383 antecessores
331 2340 394 2381 sui
426 2355 610 2395 unquam
644 2339 790 2379 melius
822 2339 890 2378 vel
914 2337 1082 2378 liberius
1106 2347 1350 2385 tenuerunt,
1376 2338 1457 2377 un&
1479 2338 1547 2377 die

15 2400 81 2439 vel
117 2399 201 2439 unzi
230 2408 370 2438 nocte.
433 2397 637 2438 Testibus
674 2397 727 2438 R.
764 2394 1037 2436 Lincolnensi
1064 2394 1308 2448 Episcopo;
1347 2394 1546 2448 Philippo

22 2455 164 2497 Baioc.
211 2456 439 2512 Episcopo,
485 2455 588 2495 Arn’
634 2452 892 2493 Lexoviensi
931 2451 1159 2506 Episcopo,
1208 2451 1269 2493 H.
1312 2451 1548 2492 Abrucensi

20 2511 246 2568 Episcopo,
285 2512 455 2553 Thoma
499 2511 763 2552 Cancellario
804 2509 938 2562 regni,
986 2508 1157 2549 Comite
1204 2508 1450 2556 Cornubiae,
1490 2509 1542 2552 R,

0 2571 168 2616 *comite
204 2571 386 2625 Legroc,
424 2569 485 2610 H.
520 2568 574 2609 de
608 2568 771 2609 Essexa
802 2566 1131 2609 constabulario,
1208 2565 1339 2620 Apud
1383 2565 1546 2607 Ebora-

19 2642 128 2672 cnm.

189 2685 519 2740 Exemplificata
551 2692 594 2725 et
625 2683 880 2724 confirmata
910 2695 988 2736 per
1020 2680 1162 2722 literas
1195 2688 1390 2735 patentes
1417 2680 1469 2721 R.
1495 2689 1543 2721 ri.

133 2743 248 2784 Hen.
272 2757 343 2793 1v.,
373 2743 486 2783 Hen.
510 2756 565 2792 v.‚
590 2750 633 2782 et
658 2740 839 2796 Reginae
867 2739 974 2780 Eliz.
1451 2757 1455 2760 ·

732 2812 759 2838 D
784 2802 809 2838 2
