1807 2962
475 103 752 142 μΒΟΒΕΒΤυδ
791 104 858 135 DE
896 104 1237 135 GRAYSTANES.
1525 91 1614 133 101

86 224 185 252 vasa
205 217 408 266 argentea
427 220 470 253 et
489 211 652 266 lapides
674 210 881 266 pretiosos
902 211 956 252 de
979 209 1186 252 thesauris
1208 208 1420 256 ecclesiae3
1443 217 1486 249 et
1506 207 1612 260 [sic]

86 269 199 310 circa
230 268 466 310 cardinales
499 278 542 310 et
578 269 715 324 ipsum
751 268 887 309 multa
922 267 1200 323 expendidit3
1233 275 1275 308 et
1296 275 1435 320 grates
1473 274 1617 306 tamen

85 326 274 367 modicas
311 327 558 381 reportavit.
638 326 963 378 [Cardinalibus
996 341 1096 367 vero
1132 339 1274 367 versus
1300 324 1484 365 Scotiam
1508 322 1618 363 ultra

84 398 173 425 non
208 384 595 439 progredientibus,
633 384 708 425 sed
742 398 882 424 versus
915 394 1105 425 austrum
1141 382 1429 431 tendentibus,
1475 379 1616 421 timuit

81 450 323 483 conventus
346 456 492 483 eorum
514 442 619 483 iram
641 451 682 483 et
703 441 925 491 maliciam,
950 450 994 483 et
1018 441 1209 482 Priorem
1232 440 1550 488 reclamantem,
1575 445 1617 477 et

82 499 316 550 dicentem,
343 506 371 526 ‘⁶
390 499 506 547 Quid
529 499 715 549 fecimus,
750 500 793 539 in
827 514 913 555 quo
934 498 1244 554 peccavimus‚''
1267 505 1500 554 coegerunt
1519 494 1618 547 mit-

77 564 173 599 tere
209 557 316 598 duos
352 557 501 599 fratres
543 557 826 606 Londoniam,
862 557 917 598 ad
950 557 1205 611 placandum
1242 555 1493 603 cardinales,
1519 567 1616 594 cum

80 613 260 655 consilio
292 616 525 656 amicorum
562 624 663 656 tunc
696 615 754 656 ibi
789 615 1100 656 existencium:
1134 623 1191 664 et,
1215 614 1294 654 illis
1316 611 1615 660 mediantibus,

78 686 280 714 concessa
306 681 371 714 est
394 673 526 715 Lueae
548 673 602 714 de
627 673 662 714 F
665 673 767 713 lisco
797 673 947 727 pensio
979 687 1119 713 annua
1154 682 1325 714 centum
1355 671 1616 711 florenorum

81 744 214 786 usque
245 730 300 771 ad
330 730 558 772 terminum
590 730 688 772 vitae
720 732 852 781 suae,*
874 745 972 787 quae
993 730 1207 771 concessio
1230 744 1446 785 nunqnam
1469 727 1617 768 domui

79 787 239 842 profuit
260 787 304 829 in
327 803 410 829 una
430 789 543 837 iota3
576 788 714 830 obfuit
737 796 879 830 tamen
900 790 1049 843 magiS,
1073 788 1172 844 quia
1201 802 1279 843 pro
1301 785 1509 828 monacho
1542 785 1618 825 de-

79 845 240 887 ferente
264 847 343 887 sibi
364 846 508 888 literas
530 846 758 901 pensionis,
786 846 982 888 Henrico
1006 846 1166 887 scilicet
1188 846 1242 887 de
1266 846 1430 894 Castro,
1450 842 1617 897 scripsit

78 903 303 945 cardinalis
338 904 474 945 Priori
508 915 551 945 et
582 904 824 954 conventui,
859 914 904 945 ut
930 904 978 944 in
1012 904 1203 945 Priorem
1226 904 1280 945 de
1306 902 1449 943 Fincal
1472 901 1613 956 praefi-

79 970 260 1012 ceretur,
284 971 327 1003 et
348 962 557 1004 mandatis
580 963 671 1018 ejus
693 962 886 1004 resistere
908 977 992 1004 non
1022 962 1240 1012 audentes,
1266 960 1456 1017 quamvis
1474 958 1610 1007 inviti,

78 1020 398 1075 quodammodo
419 1022 499 1063 hoc
521 1020 727 1064 fecerunt.
794 1020 1084 1062 Movebantur
1105 1019 1337 1061 cardinales
1354 1019 1488 1073 magis
1511 1030 1611 1058 con·

80 1088 150 1119 tra
170 1088 442 1128 conventum,
466 1078 580 1135 quia,
604 1078 801 1120 veniente
829 1081 985 1120 comite
1020 1077 1283 1120 Lancastriae
1306 1076 1420 1131 apud
1443 1074 1610 1116 Dunel-

78 1150 210 1186 mum,
253 1137 295 1176 in
339 1137 482 1194 vigilia
522 1137 756 1178 nativitatis
797 1137 936 1178 beatae
979 1137 1147 1185 Mariae,
1185 1136 1241 1176 ad
1282 1133 1610 1175 conducendum

77 1194 312 1235 cardinales
335 1210 480 1236 versus
507 1195 723 1241 Austrum,
748 1194 862 1236 venit
885 1194 942 1235 ibi
964 1194 1185 1236 Gilbertus
1207 1194 1260 1234 de
1284 1192 1489 1234 Midilton
1511 1205 1608 1232 cum

77 1252 178 1301 suis,
202 1252 426 1308 loquturus
455 1268 553 1293 cum
578 1253 746 1302 comite,
770 1261 814 1294 et
834 1252 1052 1293 monachis
1075 1250 1388 1293 celebrantibus
1411 1250 1450 1290 in
1474 1249 1612 1291 eccle-

75 1309 138 1351 sia
158 1309 346 1352 interfuit
368 1311 587 1353 Gilbertus
623 1320 666 1352 et
700 1310 789 1360 sui3
822 1325 900 1351 nec
932 1309 1041 1350 enim
1065 1309 1238 1364 agnovit
1259 1319 1491 1349 conventus
1513 1322 1609 1362 per-

76 1382 199 1409 sonas
228 1383 390 1419 eorum,
425 1377 468 1410 et
503 1368 537 1408 si
573 1368 829 1423 agnovisset,
853 1368 1056 1422 repellere
1078 1383 1150 1409 eos
1173 1382 1297 1409 ausus
1320 1381 1405 1407 non
1430 1365 1575 1406 fuisset
1597 1381 1607 1414 ;

77 1427 345 1467 excusabant
367 1442 412 1468 se
436 1427 634 1467 monachi
651 1441 727 1482 per
743 1427 825 1467 hoc
846 1426 989 1476 etiam,
1006 1423 1323 1482 quiarmonachi
1344 1424 1609 1466 celebrantes

76 1483 229 1525 defixis
251 1484 381 1525 oculis
401 1484 447 1528 in
469 1494 637 1535 terram,
661 1485 732 1541 qui
754 1484 1041 1533 circumstent,
1058 1499 1144 1525 non
1160 1483 1403 1524 advertunt.
1468 1483 1610 1524 Resti-

79 1551 254 1584 tuerunt
294 1542 510 1584 Gilbertus
545 1552 587 1584 et
619 1543 682 1584 sui
718 1543 852 1584 multa
892 1541 1206 1592 Cardinalibus,
1232 1550 1275 1582 et
1297 1540 1606 1582 absolutionem

74 1599 307 1655 pecierunt,
332 1600 408 1641 sed
438 1600 483 1641 in
514 1600 595 1642 hoc
626 1600 797 1642 minime
829 1600 1138 1655 profecerunt.]
1202 1598 1474 1654 Lodowycus
1506 1613 1606 1639 vero

72 1667 116 1699 et
148 1657 275 1699 frater
307 1658 398 1713 ejus
434 1659 519 1699 cito
554 1667 665 1713 post,
701 1658 800 1700 data
835 1658 1015 1713 pecunia
1050 1667 1092 1699 et
1124 1657 1356 1706 obsidibus,
1380 1671 1404 1697 a
1435 1671 1604 1697 carcere

72 1715 321 1757 liberantur.
387 1715 606 1758 Gilbertus
644 1731 744 1757 vero
776 1715 819 1756 in
847 1725 984 1758 castro
1007 1716 1060 1757 de
1086 1715 1311 1756 Mitteford
1335 1714 1499 1769 capitur
1522 1715 1603 1765 [et]

77 1773 345 1814 Londoniam
384 1773 577 1824 trahitur,
613 1773 898 1829 suspenditur,
933 1782 975 1815 et
1010 1782 1109 1814 ante
1144 1773 1286 1814 natale
1321 1771 1499 1813 Domini
1529 1771 1604 1812 de-

70 1830 298 1886 capitatur,
323 1846 561 1888 corpusque
583 1832 673 1887 ejus
694 1832 738 1872 in
760 1840 903 1886 partes
925 1839 1109 1887 quatuor
1130 1831 1309 1872 divisum
1324 1829 1400 1886 [ad
1418 1838 1602 1885 quatuor

69 1887 162 1929 loca
182 1888 363 1944 insignia
383 1889 564 1931 mittitur
585 1890 942 1945 suspendendum,
967 1889 1009 1930 in
1042 1888 1107 1930 sui
1128 1889 1325 1930 facinoris
1348 1887 1603 1928 detestacio-

69 1960 179 1997 nem,
213 1956 257 1988 et
283 1947 625 1990 informationem
647 1947 864 2002 aliorum.]
932 1947 1185 1989 Lodowicus
1206 1961 1307 1988 vero
1328 1953 1600 1987 consecratus

70 2013 134 2045 est
163 2004 204 2045 in
236 2006 498 2061 episcopum,
535 2005 791 2056 Londoniae,
822 2007 936 2060 apud
965 2004 1399 2053 westmonasterium,
1435 2004 1478 2043 in
1514 2003 1601 2044 Anu

68 2062 333 2105 nuntiatione
363 2064 502 2106 beatae
535 2063 690 2106 Mariae
727 2063 915 2119 Virginis
947 2063 1200 2118 [proximo]
1234 2069 1451 2118 sequente,
1483 2076 1599 2102 anno

67 2119 247 2161 Domini
269 2135 390 2163 mccc
412 2132 564 2163 octavo
585 2121 764 2164 decimo.
827 2122 914 2163 Pro
944 2120 1026 2162 isto
1049 2121 1298 2176 Lodowyco
1319 2118 1522 2173 obligavit
1553 2134 1597 2159 se

70 2177 192 2219 Prior
211 2187 254 2220 et
274 2180 522 2221 Conventus
543 2179 846 2221 mercatoribus
867 2179 909 2219 in
927 2179 1059 2220 tribus
1081 2178 1266 2219 millibus
1287 2177 1487 2219 librarum
1504 2192 1515 2225 3
1537 2176 1598 2217 ita

65 2235 183 2290 quod
203 2236 236 2276 si
258 2236 479 2293 episcopus
501 2239 544 2279 in
564 2238 773 2279 solutione
795 2236 1012 2287 defecerit,
1036 2235 1115 2292 ipsi
1136 2236 1300 2278 solvere
1331 2243 1590 2278 tenerentur.

72 2292 128 2334 Et
149 2301 291 2336 tamen
313 2310 367 2337 ex
389 2296 471 2338 hoc
492 2296 679 2338 modicas
700 2294 856 2353 gratias
878 2304 1164 2350 reportarunt.

584 2407 600 2424 ὓ
626 2406 842 2437 Appnnmx.
867 2403 934 2436 No.
959 2413 1090 2437 xcvn1.

783 2725 868 2762 123
