1807 2962
524 95 803 130 APPENDIX.
830 95 951 131 ANN.
978 95 1168 130 MDXVI.
1396 79 1615 131 ccccxlix

190 450 335 482 CCCLI.
372 449 645 478 INDENTURA
678 450 734 477 DE
770 448 1146 477 COLLECTORIBUS
1181 449 1279 477 ETC.
1318 449 1488 478 DOMINI

412 509 619 536 EPISCOPI
654 509 704 535 IN
739 508 888 536 GAOLA
923 507 1269 535 CUSTODIENDIS.

369 603 439 642 [Ex
457 602 531 635 Lib.
556 604 749 645 Compotor.
764 603 801 633 in
818 602 914 634 Offic.
934 601 1024 633 Aud.
1042 601 1106 643 Ep.
1124 600 1306 642 Dunelm.]

132 696 245 737 Haec
288 695 514 736 indentura
549 696 662 736 facta
703 696 812 736 inter
853 696 1091 737 Johannem
1137 695 1329 746 Metcalf,
1363 696 1602 737 auditorem

71 754 232 796 domini
266 753 446 795 Thomae
472 753 556 794 Dei
578 753 721 808 gracia
745 754 1047 795 Dunelmensis
1070 753 1271 809 episcopi,
1295 754 1350 795 ad
1382 764 1603 809 compotos

71 812 259 853 omnium
292 812 578 853 ministrorum
612 812 741 866 ipsius
774 812 933 853 domini
967 813 1157 867 episcopi
1189 821 1276 853 tam
1307 812 1418 853 infra
1439 812 1601 866 episco-

69 879 217 925 patum
252 870 600 920 Dunelmensem,
624 886 749 926 quani
785 870 883 911 alibi
920 870 1028 911 infra
1058 885 1236 924 regnum
1270 870 1455 924 Angliae,
1482 869 1602 911 audi-

71 929 202 969 endos
245 938 288 969 et
319 928 621 978 terminandos,
656 943 703 968 ac
738 928 1020 969 VVillielmum
1059 928 1268 969 Wardale
1300 937 1343 969 et
1369 928 1601 969 Ricardum

71 987 298 1041 Crosseby,
332 986 506 1028 clericos
538 986 728 1040 ejusdem
760 986 966 1027 johannis
991 986 1200 1027 Metkalff
1223 986 1440 1036 auditoris,
1473 985 1602 1042 assig-

70 1053 203 1094 natos,
248 1060 302 1085 ex
344 1060 427 1086 una
467 1054 599 1099 parte,
643 1055 686 1085 et
735 1044 1006 1085 Willielmum
1055 1044 1333 1094 Smethurste,
1378 1044 1599 1086 custodem

67 1103 206 1156 gaolae
259 1102 384 1144 castri
441 1103 754 1152 Dunelmensis,
802 1118 856 1143 ex
904 1102 1036 1143 altera
1078 1111 1224 1157 parte,
1245 1110 1438 1153 testatur,
1482 1104 1598 1158 quod

66 1161 182 1201 idem
204 1161 433 1211 Johannes,
466 1160 726 1210 Williehnus,
752 1169 794 1201 et
818 1159 1041 1210 Ricardus,
1060 1160 1360 1202 commiserunt
1381 1169 1425 1201 et
1445 1160 1598 1202 libera-

66 1228 218 1260 verunt
252 1219 388 1260 eidem
422 1219 630 1272 gaolatori
664 1234 842 1272 corpora
863 1218 1129 1259 diversorum
1162 1219 1453 1269 collectorum,
1475 1219 1597 1259 balli-

65 1292 228 1328 vorum,
272 1287 586 1326 coronatorum,
622 1286 665 1317 et
697 1277 874 1317 aliorum
907 1276 1205 1318 officiariorum
1245 1277 1594 1332 subscriptorum,

63 1335 171 1377 infra
193 1336 369 1377 eandem
392 1336 561 1390 gaolam
579 1335 704 1375 castri
725 1335 919 1389 praedicti
936 1335 1051 1376 salvo
1074 1344 1116 1376 et
1134 1350 1278 1376 secure
1300 1335 1599 1376 custodiendo-

63 1409 171 1444 rum,
201 1395 254 1435 de
277 1394 359 1435 suis
382 1394 559 1448 propriis
582 1393 702 1434 bonis
726 1393 969 1444 viventium,
993 1395 1226 1435 secundum
1249 1394 1427 1435 formam
1451 1396 1598 1436 statuti

64 1453 162 1493 inde
185 1452 287 1494 editi
320 1462 363 1493 et
394 1452 565 1507 provisi,
601 1467 678 1506 pro
712 1467 857 1492 eorum
889 1451 1109 1506 arreragiis
1141 1468 1269 1507 super
1300 1453 1385 1493 fine
1419 1468 1592 1507 compo-

66 1519 205 1551 torum
238 1526 408 1551 suorum
442 1512 767 1551 terminatorum
799 1511 852 1550 ad
880 1511 1029 1551 festum
1055 1510 1187 1551 sancti
1212 1510 1434 1552 Michaelis
1459 1511 1595 1552 Arch-

63 1569 215 1622 angeli,
240 1585 353 1610 anno
386 1569 658 1622 pontificatus
691 1569 849 1609 domini
883 1568 1069 1623 episcopi
1102 1573 1215 1610 vnm⁰
1247 1569 1383 1610 eidem
1418 1569 1592 1611 domino

63 1627 268 1682 episcopo
291 1628 533 1669 debitorum
552 1643 562 1675 3
605 1627 801 1668 videlicet
824 1627 1012 1668 Thomas
1037 1628 1066 1668 S
1099 1657 1285 1671 .....
1311 1628 1516 1669 collector
1538 1629 1592 1670 de

65 1686 278 1727 Coundon
302 1686 384 1727 hoc
407 1701 515 1726 anno
534 1686 662 1727 debet
696 1719 704 1728 .
742 1719 751 1728 .
788 1719 797 1728 .
835 1719 843 1728 .
906 1686 1122 1726 Johannes
1145 1685 1188 1726 G
1220 1717 1408 1729 .....
1441 1687 1594 1728 collec-

62 1751 131 1784 tor
153 1744 206 1784 de
236 1744 465 1785 Redworlh
489 1744 619 1785 debet
637 1744 689 1784 de
711 1758 791 1786 arr,
818 1744 870 1784 (lc
893 1759 1006 1784 anno
1030 1746 1152 1787 1111t0.
1256 1744 1463 1786 Ricardus
1488 1746 1594 1786 Per-

61 1801 225 1856 kynson
259 1811 485 1844 coronator
506 1802 660 1843 wardae
683 1802 736 1842 (ie
766 1801 1047 1856 Derlyngton.
1159 1802 1349 1844 Thomas
1375 1803 1416 1843 T
1438 1833 1589 1846 .....

60 1859 240 1901 ballivus
277 1860 330 1901 de
371 1861 395 1901 l
448 1892 633 1902 .....
699 1860 746 1900 In
785 1861 913 1915 cujus,
947 1867 1015 1900 etc.
1082 1860 1197 1901 Data
1229 1895 1239 1904 .
1277 1892 1286 1901 .
1321 1895 1329 1904 .
1367 1892 1376 1901 .
1409 1861 1478 1902 die
1502 1862 1587 1904 De-

58 1919 251 1968 cembris,
276 1934 389 1960 anno
411 1949 594 1960 .....
628 1917 900 1974 pontificatus
922 1917 1024 1958 dicti
1047 1917 1209 1958 domini
1232 1919 1434 1976 Episcopi
1456 1934 1533 1963 VII.

177 2223 345 2253 CCCLII.
381 2224 745 2253 INSTRUCCIONES
782 2227 829 2253 IN
863 2228 1065 2255 ANGLICA
1095 2228 1185 2254 PRO
1211 2225 1469 2256 LIBERTATE

174 2282 344 2309 REGALI
369 2282 576 2310 EPISCOPI
601 2284 925 2313 DUNELMENSIS
949 2287 1038 2313 PER
1056 2286 1211 2313 TOTAM
1230 2286 1465 2317 DIOCESIM.

654 2378 757 2421 [Reg.
772 2379 816 2409 V.
833 2377 890 2410 fol.
909 2379 981 2419 43]

116 2469 232 2510 Here
256 2469 362 2510 eftre
380 2483 545 2509 enswen
569 2469 735 2510 diverse
753 2470 1127 2512 consideracionns
1144 2485 1293 2525 cause}
1312 2488 1395 2515 aro
1412 2489 1583 2518 reasons

58 2528 151 2583 why
189 2528 262 2568 the
301 2526 538 2582 Bishoppes
576 2526 626 2567 of
655 2527 877 2578 Duresme,
912 2529 952 2568 in
986 2529 1056 2570 the
1089 2539 1225 2585 tymes
1258 2535 1302 2572 ol
1335 2532 1500 2591 kynge}
1537 2536 1588 2576 of

55 2585 272 2641 Englond,
302 2585 453 2639 Henry
478 2585 548 2625 the
573 2585 698 2640 thryd
726 2586 762 2627 ἃ*
790 2586 973 2627 Edwarci
997 2588 1068 2628 the
1093 2589 1197 2638 first,
1221 2589 1352 2643 aught
1373 2590 1424 2630 of
1449 2591 1578 2646 right,

53 2644 92 2684 δὲ
113 2640 167 2684 be
189 2658 337 2683 course
361 2643 410 2683 of
426 2643 497 2683 the
520 2657 672 2683 comon
705 2644 809 2684 lawe
844 2645 945 2685 then
967 2645 1076 2686 hade
1097 2646 1241 2687 within
1263 2647 1373 2688 their
1399 2648 1582 2705 Bishop-

52 2701 195 2757 ryche,
230 2702 325 2741 that
361 2700 393 2739 is
425 2709 470 2740 to
500 2715 585 2755 say,
610 2701 652 2741 in
685 2702 739 2742 all
770 2702 910 2756 plac&
944 2703 1092 2744 bitwix
1124 2704 1194 2745 the
1216 2713 1365 2746 waters
1388 2706 1438 2746 of
1454 2707 1580 2763 Tyne

52 2759 138 2800 and
177 2757 218 2800 T
218 2774 305 2814 yse,
329 2758 571 2814 commonly
605 2759 742 2816 callyd
767 2759 836 2800 the
862 2760 1148 2818 Bisshopryke
1171 2761 1220 2804 of
1247 2763 1470 2815 Duresme,
1494 2767 1580 2808 and

785 2819 809 2857 2
834 2831 857 2858 F
