1807 2962
459 85 723 119 ROBERTUS
761 87 827 117 DE
868 88 1211 119 GRAYSTANES.
1546 74 1610 122 49

0 194 25 258 [
66 202 174 237 esset
218 192 442 249 negocium
481 208 559 248 plo
600 209 684 249 quo
727 193 836 233 missi
879 203 1014 242 erant,
1051 194 1218 235 tandem
1261 193 1422 249 aperuit
1468 193 1505 234 ei
1558 193 1601 234 in

63 262 243 303 secreto,
270 253 328 292 ita
360 259 502 292 tamen
535 252 651 307 quod
684 251 806 292 alteii
830 267 911 291 non
932 268 1002 293 ιω
993 253 1052 293 el
1047 263 1150 302 uet
1176 253 1289 309 quod
1313 252 1419 293 citra
1440 252 1598 292 instans

61 311 215 352 festum
252 309 392 350 natale
434 308 612 350 Domini
656 309 790 350 modis
825 311 1019 350 omnibus
1053 311 1225 351 cederet
1262 309 1479 364 pr·i01atui.
1545 309 1595 349 In

59 368 303 410 ebdomoda
324 375 464 407 tam-en
493 366 700 421 sequenti,
725 381 798 420 per
820 368 1097 422 suppriorem,
1126 369 1316 409 Priorem
1338 368 1391 409 de
1417 367 1592 423 Fyncal,

58 426 275 468 saciistam
309 424 577 489 praedictum,
612 424 879 479 propositum
902 441 1021 465 suum
1046 426 1270 475 indicavit3
1304 426 1357 467 de
1381 440 1592 466 consensu

55 498 215 534 eorum,
270 492 314 524 et
366 482 605 537 provisione
659 481 698 522 ei
738 482 1009 536 assignanda,
1054 496 1243 538 paternae
1284 484 1590 538 compassionis

53 541 208 582 intuitu
260 539 457 582 devotius
508 539 802 594 supplicandO.
898 541 989 581 Etsi
1032 543 1142 582 enim
1186 542 1348 583 literam
1391 541 1591 596 papalem

55 596 268 654 Episcopo
300 598 505 639 directam
538 612 662 651 super
693 597 933 663 provisione
976 599 1051 639 sibi
1085 600 1282 641 facienda
1311 600 1502 649 haberet,
1539 614 1591 640 ea

53 666 209 707 tamen,
246 666 290 697 ut
322 655 446 706 dixit,
482 655 544 696 uti
577 655 740 703 noluit3
774 655 904 709 magis
939 657 1070 698 voluit
1103 657 1341 712 portionem
1376 657 1587 698 modicam

50 727 294 769 congruam,
340 723 503 754 tantum
546 713 599 754 de
637 728 784 753 e01um
826 729 1034 754 consensu
1076 716 1245 765 babere,
1289 730 1414 771 quam
1453 715 1587 756 multo

49 774 252 828 majorem
275 772 328 813 de
350 770 577 825 superioris
600 770 898 825 assignatione,
923 781 1047 813 contr
1050 789 1074 813 ι
1096 788 1241 814 eornm
1265 773 1584 827 beneplacitum

49 830 291 871 voluntatis.
393 829 449 870 Et
498 830 689 884 quamvis
731 839 966 871 conventus
1006 832 1192 884 glavitet
1234 830 1314 872 ista
1354 831 1582 886 acciperet,

48 897 205 938 tamen,
246 887 391 929 habita
424 886 745 936 deliberatione,
778 886 926 927 ultimo
959 897 1257 930 concesserunt
1279 888 1314 929 ei
1348 890 1584 930 manerium

47 946 101 987 de
136 945 387 995 Warddele,
425 944 785 1001 Muglingeswyk,
813 959 908 985 cnm
932 946 1212 1000 pertinentiis,
1237 947 1352 987 salvo
1375 947 1505 988 bosco
1527 948 1581 988 de

48 1004 259 1053 Dewelm,
284 1002 539 1059 Wyvistow,
559 1017 654 1043 cum
678 1002 924 1043 molendino
947 1013 989 1044 et
1010 1012 1183 1058 pastura
1200 1013 1241 1045 et
1264 1006 1582 1058 operationibus

47 1063 260 1102 consuetis
303 1069 345 1101 et
386 1075 576 1114 caragus,
630 1059 826 1101 ecclesus
869 1061 923 1102 de
980 1062 1100 1116 Aclj,
1149 1061 1440 1116 Estringtone,
1484 1079 1582 1104 cum

45 1118 236 1160 man-*exio
268 1119 322 1160 de
348 1118 592 1167 Newlande,
615 1118 730 1173 quod
762 1118 848 1172 ipse
880 1128 1191 1169 construxerat,
1216 1120 1277 1160 ita
1301 1129 1441 1161 tamen
1464 1122 1581 1176 quod

45 1192 70 1218 a
104 1192 181 1217 suo
215 1176 434 1231 proposito
464 1190 549 1216 non
582 1185 725 1240 posset
747 1175 859 1216 imm·
855 1176 971 1217 itari.
1036 1178 1104 1217 Ad
1129 1178 1243 1232 quod
1266 1177 1578 1220 immutandum

44 1234 207 1276 nunciis
243 1234 533 1290 injunxer,unt
558 1242 618 1283 ut,
643 1233 718 1273 Viis
740 1243 785 1274 et
808 1233 958 1283 modis,
983 1234 1135 1290 quibus
1153 1250 1342 1292 congrue
1365 1245 1575 1289 poterant,

43 1292 298 1334 labor·.a1ent
382 1291 544 1333 Audita
593 1291 880 1345 lesponsione‚
917 1302 1151 1332 conventus
1194 1294 1361 1349 rogavit
1402 1293 1578 1348 Episco-

42 1365 158 1405 pum,
184 1359 230 1391 ut
266 1350 320 1390 ad
353 1364 449 1390 eum
485 1349 718 1390 festinaret
782 1349 882 1399 Qui,
919 1349 1053 1403 pridie
1084 1360 1183 1392 ante
1214 1351 1354 1392 natale
1384 1351 1575 1402 Domini,

43 1409 215 1449 venie-ns
243 1408 297 1448 ad
319 1423 416 1448 eum
447 1407 562 1462 apud
582 1407 858 1471 Bewrepayr,
879 1407 1022 1448 audita
1042 1408 1311 1450 ordinatione
1328 1418 1577 1460 conventus,

44 1466 180 1521 primo
201 1464 386 1520 injunxit
403 1465 442 1505 ei·
464 1480 516 1505 ne
530 1464 736 1519 prioratui
751 1464 934 1505 cederet.
999 1466 1083 1506 Sed
1102 1481 1197 1506 cum
1217 1481 1304 1507 non
1327 1467 1574 1520 proficeret,

42 1523 207 1581 logavit
238 1531 495 1564 conventum
528 1536 604 1576 per
645 1537 756 1571 suos,
790 1522 905 1577 quod
942 1537 1037 1562 cum
1070 1523 1302 1564 manciium
1326 1524 1379 1564 de
1404 1524 1577 1566 Makel-

41 1559 238 1637 ingewyk
278 1580 456 1620 multum
498 1580 675 1620 distaret
716 1594 741 1620 a
780 1579 976 1620 maneriis
1017 1580 1113 1630 suis,
1157 1590 1201 1621 et
1242 1581 1329 1635 ipse
1362 1582 1575 1637 frequenti

41 1638 255 1695 colloquio
281 1637 341 1678 H.
369 1636 554 1679 Prioris
546 1652 586 1676 ln
619 1636 782 1676 solaciis
804 1646 845 1677 et
880 1637 1062 1677 consiliis
1086 1638 1312 1692 plurimum
1346 1638 1571 1694 indigeret,

2 1737 7 1740 ,
40 1706 102 1746 ut,
122 1712 200 1751 pio
220 1694 576 1750 Muklingeswyk,
602 1695 839 1748 Bewlepar,
860 1703 902 1735 et
920 1710 996 1749 pro
1019 1696 1196 1736 ecclesia
1211 1696 1263 1736 de
1281 1696 1571 1751 Estringtone,

39 1755 261 1796 ecclesiam
279 1753 333 1793 de
353 1753 584 1793 Alvertone
603 1766 678 1816 per
682 1760 914 1792 mutarent.
935 1762 976 1793 et
993 1753 1133 1807 quoad
1152 1753 1347 1794 ecclesias
1360 1755 1504 1795 deAlv
1496 1770 1574 1796 er-

39 1821 113 1853 ton
134 1821 176 1853 et
190 1811 464 1864 Estringtone
481 1809 655 1850 assensit
669 1818 922 1850 conventus:
947 1810 1021 1850 sed
1037 1812 1175 1865 quoad
1192 1811 1331 1852 locum
1348 1812 1401 1853 de
1413 1813 1572 1854 Beure-

38 1885 153 1925 pare,
188 1868 259 1910 ubi
292 1880 539 1916 conventus,
573 1882 753 1923 quorum
776 1867 897 1907 labor
918 1876 979 1908 est
1011 1869 1182 1923 grandis
1216 1877 1259 1909 et
1293 1884 1364 1910 aer
1396 1884 1573 1925 corrup-

39 1938 119 1977 tus,
158 1927 287 1968 habet
324 1941 401 1981 pro
436 1925 589 1979 majori
626 1934 743 1978 parte
766 1939 882 1964 suam
906 1925 1228 1975 recreationem,
1252 1926 1569 1977 dissenserunt;

38 1994 80 2026 et
114 2000 209 2026 eum
231 1998 358 2038 super
388 1984 469 2023 hoc
493 1997 578 2022 non
612 1981 784 2032 offendi,
819 1982 1123 2036 supplicatum
1192 1984 1262 2033 Et,
1288 1993 1334 2025 ut
1355 1985 1567 2040 apparuit,

37 2051 214 2098 uterque
261 2056 406 2083 eorum
458 2041 774 2094 responsionem
814 2049 1052 2081 conventus
1083 2049 1183 2081 tunc
1224 2052 1474 2096 acceptavel
1479 2053 1568 2084 unt

39 2099 90 2141 In
111 2099 294 2141 crastino
317 2114 429 2147 vero,
451 2097 577 2137 nichil
600 2097 709 2137 ultra
731 2097 887 2138 faciens
910 2097 962 2138 de
986 2098 1212 2152 piaedictis,
1235 2099 1410 2140 lecessit
1441 2100 1507 2154 Ep
1513 2100 1567 2142 is-

36 2172 168 2212 copus
191 2172 334 2198 versus
358 2155 569 2197 Aucland.
579 2160 598 2207 ]
670 2154 756 2194 Et
747 2169 790 2194 ln
813 2154 882 2195 die
905 2155 1039 2195 sancti
1064 2156 1269 2210 Stephani
1290 2156 1402 2198 misit
1427 2157 1564 2208 Prior,

37 2230 131 2256 cum
151 2216 206 2258 H.
223 2215 319 2255 Hor
323 2221 499 2262 ncaster,
516 2213 659 2252 literas
677 2211 972 2268 1esi‹rnationis
988 2227 1088 2262 suae,
1108 2228 1252 2255 causas
1266 2229 1397 2270 quare
1412 2215 1566 2256 cedere

37 2273 169 2314 voluit
191 2272 468 2320 continentes,
495 2269 740 2323 Episcopo·
731 2300 741 2317 ,
775 2279 821 2310 ut
853 2284 972 2310 suam
1001 2270 1235 2312 cessionem
1268 2271 1453 2325 benigne
1488 2273 1563 2313 ad-

36 2330 238 2379 mitteret,
273 2328 485 2369 humiliter
515 2341 669 2391 rogans
702 2341 829 2367 eum:
862 2341 965 2381 quas
987 2327 1128 2368 literas
1153 2328 1280 2383 jussit,
1324 2329 1563 2384 Episcopus

35 2386 288 2429 conservari.
357 2385 412 2425 Et
434 2384 610 2448 egressis
632 2383 829 2424 omnibus
861 2392 1016 2437 praeter
1040 2384 1313 2439 Episcopum,
1347 2400 1445 2426 suos
1479 2387 1566 2427 cle-

34 2447 142 2487 ιίοο5
173 2454 216 2486 et
247 2443 477 2490 samistam,
502 2440 737 2495 Episcopus
774 2455 1010 2482 sermonem
1033 2442 1088 2481 ad
1123 2442 1341 2482 sacristam
1363 2442 1562 2497 diligenS,

39 2503 116 2561 [sic
147 2502 313 2544 affatur.
377 2506 406 2526 “
428 2498 564 2539 Miror
585 2498 638 2538 de
672 2498 789 2538 vobis
811 2489 928 2552 quod
959 2512 1032 2538 vos
1064 2513 1132 2540 me
1164 2508 1207 2540 et
1238 2500 1439 2542 mandata
1469 2516 1564 2543 mea

35 2560 366 2615 parvipenditis·
357 2589 367 2605 ,
402 2556 433 2598 si
466 2556 570 2597 alius
601 2555 644 2596 in
667 2556 765 2595 loco
784 2569 878 2596 meo
901 2565 1023 2605 esset,
1068 2555 1106 2596 ei
1146 2556 1347 2612 quicquid
1376 2567 1558 2613 peteret,

35 2618 242 2659 faceret1s
245 2618 270 2635 ''
332 2614 389 2656 Et
429 2614 615 2663 sacrista,
656 2619 683 2638 ‘⁶
706 2611 832 2652 Salva
867 2612 1115 2663 reverentia,
1150 2614 1334 2664 domine,
1368 2630 1445 2657 nec
1487 2632 1559 2657 vos

36 2690 113 2716 nec
144 2674 343 2716 mandata
375 2682 512 2713 vestra
552 2669 892 2724 contempsimus,
936 2670 1066 2711 immo
1097 2685 1261 2726 semper
1293 2673 1559 2715 obedivimus

37 2733 169 2784 vobis,
194 2733 300 2774 sicut
323 2728 539 2771 ordinario
560 2737 721 2779 nostro,
747 2727 787 2767 in
809 2727 930 2769 licitis
969 2736 1011 2769 et
1048 2727 1248 2781 honestis,
1288 2739 1330 2772 et
1362 2731 1565 2787 majorem

792 2797 820 2824 D
