1807 2962
514 64 792 99 APPENDIX.
822 66 943 98 ANN.
972 66 1218 99 MCCCCVI·
1524 69 1637 100 CXCV

95 175 224 225 facto,
261 189 286 216 a
324 189 411 232 qua
443 173 657 215 sententia
691 173 768 214 nisi
803 182 888 214 tam
924 173 1074 229 judici,
1109 175 1228 230 cujus
1269 172 1464 227 cognicio
1506 175 1634 216 suerit

95 233 315 299 impedita,
327 247 464 299 quam
486 231 597 287 palti
619 247 715 288 quae
735 232 984 286 perturbata
1007 231 1131 273 fuerit
1169 246 1210 271 ln
1244 231 1546 285 prosecucione
1568 233 1632 273 sui

88 290 212 345 juris,
237 291 291 332 de
326 290 489 346 injulia,
521 289 729 345 dampnis,
768 290 981 344 expensis,
1006 300 1049 330 et
1084 289 1284 330 interesse
1319 289 1482 343 integre
1504 289 1632 331 fueiit

95 348 372 397 satisfactum,
398 363 481 388 non
514 357 717 403 poterunt
738 347 897 389 absolvi
917 348 1058 388 taliter
1078 347 1400 403 delinquentes·
1391 377 1401 395 ,
1435 346 1630 403 famaque

93 406 264 472 publica
303 406 515 447 referente
556 406 609 446 ad
655 420 776 446 aures
818 415 980 447 nostras
1022 406 1263 470 pervenerit
1300 404 1415 460 quod
1457 405 1630 460 quidam

93 463 328 521 iniquitatis
351 463 440 514 filii,
465 478 643 519 quorum
667 462 841 504 nomina
871 463 995 505 nobis
1023 465 1275 517 ignonantur
1295 462 1453 518 par-itm
1474 472 1516 503 et
1538 478 1633 517 per-

94 537 227 571 sonae,
252 522 363 563 infra
395 521 653 563 territorium
683 521 997 576 jurisdiccionis
1025 520 1286 577 Episcopalis
1313 520 1627 586 Dunelmensis,

95 579 138 620 in
169 579 394 636 praemissis
429 579 670 620 criminibus
707 589 750 620 et
785 578 950 620 delictis
988 589 1084 620 sunt
1117 578 1306 620 obnoctii
1338 589 1465 635 atque
1487 578 1561 628 rei,
1586 579 1630 620 in

95 638 331 679 animarum
368 652 538 678 suarum
575 652 703 692 grave
739 637 975 692 periculum
1014 647 1055 678 et
1088 637 1330 678 scandalum
1353 636 1632 692 plurimorum

95 696 394 751 perniciosum,
434 695 550 760 quod
584 695 830 762 exemplum
869 694 986 736 vobis
1021 695 1063 736 in
1089 695 1242 737 virtute
1271 695 1529 736 obedientiae
1551 697 1629 737 sub

95 769 223 809 poena
244 753 699 796 excommunicacionis
724 752 903 808 majoris,
927 768 1053 809 quam
1088 754 1130 794 in
1157 768 1378 808 personam
1403 753 1510 794 illius
1533 769 1629 818 quae

96 826 284 867 praesens
315 812 560 853 mandatum
598 820 784 852 nostrum
820 811 1031 866 1··ecepe1it
1063 820 1104 853 et
1142 811 1184 851 in
1225 812 1334 852 illius
1375 812 1630 853 executione

98 870 312 924 necligens
335 871 462 911 fuerit
483 869 548 911 vel
570 871 779 918 remissus,
803 884 935 919 mona,
961 870 1099 924 culpa,
1125 878 1168 910 et
1190 870 1349 910 offensa
1370 870 1452 910 suis
1474 869 1514 910 id
1539 871 1631 911 exi-

96 927 308 982 gentibus,
332 943 501 969 exnunc
523 937 649 982 prout
685 938 842 968 extunc
876 927 1049 968 ferimus
1071 927 1113 968 in
1135 927 1212 967 hiis
1235 927 1397 982 scriptis
1421 942 1566 968 omnes
1588 938 1631 969 et

96 986 283 1043 sin‹ru10s
321 986 562 1041 hujusmodi
588 985 934 1040 jurisdiccionem
972 986 1298 1027 ecclesiasticam
1331 986 1627 1041 impedienteS,

97 1023 343 1098 impedirive
366 1054 654 1099 pr·ocuiantes,
674 1044 805 1085 verbo
827 1043 894 1084 vel
916 1044 1044 1094 facto,
1068 1044 1175 1085 clam
1199 1044 1264 1085 vel
1287 1044 1441 1098 palam,
1467 1044 1628 1085 directe

96 1102 163 1143 vel
206 1102 423 1152 indirecte,
468 1102 535 1142 vel
585 1117 715 1144 eciam
767 1117 1056 1166 quoscumque
1109 1102 1148 1142 in
1201 1102 1294 1143 foro
1345 1102 1629 1144 ecclesiastico

96 1159 239 1201 taliter
274 1169 449 1216 agentes
486 1174 664 1215 agereve
697 1159 888 1200 volentes
925 1159 1204 1216 quovismodo
1245 1161 1287 1200 in
1330 1160 1630 1213 persecucione

97 1218 161 1258 sui
194 1217 302 1273 juris
300 1194 645 1272 ⁰·pertu1bantes,
680 1218 746 1259 dic
780 1217 945 1258 veneris
975 1232 1172 1273 proximo
1204 1218 1346 1258 futmo
1384 1217 1423 1258 in
1454 1218 1631 1259 ecclesia

97 1275 328 1331 parochiali
379 1277 568 1325 Geso-iae,
622 1275 733 1316 intia
783 1275 1002 1316 missarum
1046 1276 1295 1330 solempnia,
1344 1275 1446 1316 dum
1498 1277 1631 1331 major

98 1334 220 1376 adest
271 1334 418 1389 populi
471 1333 712 1383 multitudo,
756 1333 930 1388 pulsatis
982 1333 1210 1388 campanis,
1249 1334 1434 1374 candelis
1480 1349 1631 1376 accen-

99 1393 153 1433 sis
187 1401 229 1433 et
265 1393 467 1442 extensis,
507 1406 715 1447 cruceque
749 1401 904 1441 erecta,
944 1392 1002 1432 sic
1036 1392 1428 1433 excommunicatos
1460 1393 1630 1447 publice

99 1450 226 1491 fuisse
264 1459 306 1492 et
339 1466 429 1492 esse
466 1449 716 1491 declaretis:
766 1449 970 1490 moneatis
1005 1451 1176 1505 insuper
1208 1465 1353 1490 omnes
1376 1460 1420 1491 et
1441 1450 1631 1505 singulos

99 1508 341 1563 hujusmodi
373 1508 596 1563 sortilegos
619 1523 666 1548 ac
688 1516 777 1548 arte
807 1508 970 1562 magica
992 1517 1173 1557 utenteS,
1198 1517 1238 1549 et
1261 1523 1552 1565 quoscumque
1574 1510 1629 1550 ad

99 1567 183 1608 hoe
205 1576 484 1616 recurrenteS,
509 1581 635 1607 eosve
658 1566 937 1630 consulenteS,
962 1575 1034 1607 aut
1055 1566 1110 1606 eis
1134 1567 1368 1616 eredentes,
1394 1567 1508 1622 quod
1526 1566 1632 1609 infra

100 1640 178 1666 sex
215 1625 305 1666 dies
342 1640 367 1665 a
404 1633 596 1679 tempme
632 1623 881 1664 monicionis
912 1624 1155 1678 hujusmodi
1185 1624 1261 1664 sibi
1284 1624 1423 1674 factae,
1448 1640 1630 1681 quorum

102 1683 265 1724 dierum
287 1683 392 1723 duos
414 1697 491 1737 pio
514 1681 662 1747 prima,
688 1681 795 1722 duos
819 1696 901 1747 pro
924 1682 1123 1730 secunda,
1148 1691 1192 1723 et
1214 1682 1399 1737 ieliquos
1421 1683 1528 1724 duos
1551 1698 1629 1738 pro

102 1741 247 1791 tercia,
272 1750 314 1782 et
337 1741 621 1795 peremptorie
645 1755 692 1780 ac
715 1739 953 1780 monicione
975 1740 1177 1781 canonica
1197 1740 1253 1780 eis
1272 1742 1506 1795 assignetis,
1524 1756 1630 1806 quos

102 1800 235 1840 eciam
260 1798 416 1839 eisdem
441 1807 589 1838 tenore
612 1797 886 1852 praesencium
911 1798 1169 1852 assignamus
1192 1813 1268 1853 pio
1291 1799 1523 1840 commissis
1546 1815 1634 1840 suis

102 1857 346 1913 hujusmodi
378 1856 569 1897 ecclesiae
590 1864 633 1896 et
658 1855 816 1896 Ch1isti
839 1855 1033 1897 fidelibus
1056 1871 1132 1912 per
1168 1856 1410 1910 hujusmodi
1432 1858 1633 1899 malificia

104 1930 179 1956 sua
200 1914 310 1955 laesis
342 1923 637 1969 competenter
659 1913 931 1963 satisfaciant,
958 1923 1002 1955 ut
1026 1924 1254 1963 tenentum
1287 1929 1338 1955 ne
1361 1915 1461 1956 fidei
1485 1915 1634 1956 Chris-

103 1973 231 2015 tianae
262 1972 445 2014 cultores
479 1971 567 2013 veri
599 1972 838 2027 hujusmodi
867 1972 1090 2013 occasione
1113 1972 1153 2012 in
1177 1971 1373 2013 idolatria
1409 1973 1630 2014 collabun-

104 2043 200 2072 tur·
190 2063 201 2080 ,
234 2040 278 2072 et
307 2030 422 2086 quod
454 2030 506 2071 de
538 2038 679 2071 cetera
701 2029 941 2084 hujusmodi
963 2030 1281 2071 committendis
1304 2046 1348 2071 se
1371 2032 1626 2081 abstineant,

103 2104 250 2154 eaque
260 2089 314 2130 de
331 2098 488 2130 caetero
513 2103 594 2129 non
617 2089 900 2139 committant,
925 2088 1001 2129 sub
1024 2103 1151 2143 poena
1173 2089 1632 2130 excommunicacionis

103 2146 289 2203 majoris,
328 2162 454 2203 quam
475 2145 687 2187 rebelles
677 2161 719 2186 ln
757 2146 835 2187 hac
858 2156 990 2201 parte,
1030 2145 1338 2188 monicionibus
1361 2147 1627 2202 supradictis,

99 2220 236 2254 mora,
260 2205 397 2259 culpa,
422 2213 465 2245 et
503 2204 661 2245 offensa
694 2203 777 2244 suis
813 2219 861 2245 ac
894 2204 1133 2245 monicione
1154 2205 1360 2245 canonica
1381 2205 1630 2259 praeceden-

104 2262 231 2312 tibus,
255 2263 468 2303 incurrere
501 2262 692 2303 volumus
723 2261 814 2316 ipso
848 2261 962 2303 facto
998 2277 1053 2303 ac·
1083 2271 1244 2303 extunc
1266 2261 1378 2316 ipsos
1402 2271 1632 2317 transgres-

105 2335 219 2361 sores
255 2320 637 2375 perturbantesque
674 2326 717 2359 et
751 2319 1030 2373 impedientes
1052 2319 1329 2373 supradictos,
1354 2320 1498 2375 eisque
1520 2335 1631 2375 prae-

104 2379 255 2419 bentes
291 2377 527 2426 consilium,
551 2376 767 2425 auxilium,
792 2376 857 2417 vel
878 2377 1064 2417 favorem
1087 2376 1486 2433 qualitercumque
1474 2392 1515 2417 in
1553 2378 1633 2419 hac

104 2444 226 2492 parte
248 2433 420 2492 singulis
442 2434 590 2475 diebus
611 2433 830 2474 dominicis
852 2443 894 2475 et
926 2434 1083 2475 festivis
1100 2435 1178 2476 sub
1195 2434 1323 2475 modo
1345 2444 1388 2476 et
1410 2434 1545 2477 forma
1566 2451 1635 2477 su-

104 2469 339 2549 pradictis³
321 2491 712 2534 excommunicatos
727 2491 1038 2543 denuncietis,a
1052 2492 1379 2534 denunciatione
1392 2492 1639 2549 hujusmodi

110 2567 196 2592 non
229 2559 437 2592 cessantes
473 2565 694 2615 quousque
723 2549 869 2591 debita
905 2549 1195 2592 satisfaccione
1229 2565 1316 2606 pra
1321 2550 1445 2592 missa
1473 2551 1588 2593 aliud
1609 2568 1636 2593 a.

108 2609 231 2651 nobis
254 2624 379 2664 super
401 2608 480 2649 hoc
504 2607 764 2649 habueritis
756 2622 796 2647 m
820 2607 1045 2650 mandatis.
1112 2608 1241 2650 Vobis
1259 2608 1390 2650 eciam
1412 2610 1489 2650 sub
1507 2624 1636 2664 poera

101 2666 566 2708 *excommunicacionis
589 2674 826 2722 praenotata
849 2666 1094 2708 mandamus
1113 2675 1153 2707 et
1172 2666 1488 2717 committimus,
1515 2677 1559 2708 ut
1581 2669 1636 2710 de

112 2725 235 2767 dictis
258 2724 635 2781 transgressori-bus
668 2733 708 2766 et
741 2739 891 2766 eorum·
912 2724 1149 2767 nomi-nibus
1172 2725 1352 2781 propriis
1389 2725 1638 2781 diligentem

840 2797 864 2823 δ’
902 2786 925 2823 :2
