1807 2962
199 109 262 152 ΩΟ
516 118 648 149 HIST.
678 117 913 148 DUNELM.
942 115 1248 147 SCRIPTORES
1274 115 1413 146 TRES.

168 229 335 291 [virtus
353 227 442 282 ejus
457 241 510 267 ex
530 236 643 267 metu
672 224 801 282 Regis
817 223 1088 280 perpendisse
1106 223 1350 278 putabatur,
1369 221 1467 263 licet
1488 221 1529 262 in
1553 221 1730 263 occultis

203 287 413 342 plerisque
456 284 627 325 minoris
668 294 793 324 antea
842 281 1093 324 reverentiae
1128 291 1171 323 et
1208 281 1444 322 dilectionis
1487 279 1732 321 haberetur.

204 346 449 386 Coronatus
482 353 544 384 est
577 342 704 395 igitur
730 341 842 382 idem
869 340 1103 389 Johannes,
1138 348 1425 393 cognomento
1456 340 1551 381 Sine
1580 339 1729 388 Terra,

201 403 314 458 apud
354 400 786 448 westmonasterium,
830 398 980 440 eodem
1013 412 1142 447 anno,
1176 397 1219 438 in
1244 397 1504 438 Ascentione
1536 395 1729 446 Domini,

201 477 257 502 xv
281 461 363 503 kal.
397 459 533 505 Junii3
568 458 609 498 in
643 473 728 514 quo
765 457 1025 511 completum
1055 470 1144 497 esse
1177 466 1370 496 asserunt
1412 454 1515 495 illud
1555 453 1731 495 Merlini

202 519 414 575 eloquium
437 520 490 558 de
511 515 651 572 aquila
671 516 782 570 rupti
824 515 994 556 foederis
1031 514 1207 564 dictum,
1234 520 1261 540 “
1277 513 1426 555 Tertia
1446 512 1734 553 nidificatione

201 577 419 631 gaudebit,
438 586 478 615 et
503 575 655 615 iterum
679 573 930 629 principium
954 573 1042 627 ejus
1066 587 1218 627 vagum
1241 572 1363 614 erit.''
1404 571 1512 612 Tres
1542 570 1733 612 nidifica-

202 636 339 676 tiones
371 633 521 689 aquilae
553 647 644 673 esse
676 640 898 686 exponunt
930 641 1015 672 tres
1052 630 1207 688 Reges,
1241 630 1312 686 qui
1336 630 1390 670 de
1418 629 1618 670 Alienora
1634 644 1734 684 pro-

203 707 395 740 cessere3
430 691 563 745 prima
595 689 881 731 nidificatione
913 689 1127 746 gaudebat
1160 689 1201 729 in
1250 688 1437 729 Henrico
1459 687 1644 742 juniore,
1669 702 1737 727 se-

203 752 342 791 cunda
364 751 403 790 in
432 747 629 798 Ricardo,
664 748 788 789 tertia
829 748 871 788 iu
913 747 1121 790 Johanne.
1190 747 1322 801 Cujus
1363 745 1614 802 principium
1643 753 1732 786 erat

202 823 371 863 vagum,
406 808 517 862 quia,
542 807 742 847 defuncto
775 806 918 856 fratre,
952 806 1005 846 ab
1037 805 1233 846 omnibus
1271 819 1379 858 pene
1402 804 1641 844 dubitatum
1666 812 1729 843 est

202 878 340 908 utrum
374 866 499 913 idem,
525 865 588 905 vel
616 864 844 913 Arthurus,
869 863 1007 905 fratris
1031 864 1093 904 sui
1130 863 1329 904 Gaufridi
1344 862 1469 912 filius,
1494 876 1729 904 assumere-

200 940 268 971 ttu·
300 924 352 965 ad
376 926 584 978 regimur]

382 1197 476 1227 CAF.
513 1199 580 1226 XV.
646 1197 702 1223 DE
728 1195 935 1222 Momsst’s
962 1194 1169 1220 PHILIPPI
1196 1193 1557 1220 DUNHELMENSIS

851 1252 1071 1281 EPISCOPI.

689 1346 779 1387 [MS.
808 1346 891 1389 Cap.
919 1356 1037 1383 cxxu,
1062 1345 1084 1376 f.
1114 1347 1174 1382 173
1201 1347 1248 1388 b.]

266 1444 384 1500 [Hiis
418 1443 599 1496 adjicere
622 1441 724 1481 libet
749 1455 844 1496 quae
878 1455 1083 1481 novorum
1108 1440 1363 1481 tumultuum
1407 1441 1629 1494 parturivit
1671 1443 1736 1484 in-

208 1518 383 1550 cursus3
416 1503 581 1556 quibus,
617 1500 655 1539 iu
676 1499 823 1539 futuris
858 1499 1136 1553 temporibus,
1161 1499 1228 1554 qui
1255 1498 1293 1538 iu
1326 1498 1512 1540 Ecclesia
1539 1500 1736 1541 Dunhel-

208 1562 338 1602 mensi
373 1559 528 1600 fuerint
550 1572 823 1606 successores,
862 1557 912 1597 ad
947 1557 1192 1610 praeclaram
1229 1557 1513 1598 unanimitatis
1546 1559 1735 1600 exciten-

209 1632 276 1661 tur
298 1632 461 1672 semper
484 1627 525 1657 et
557 1616 796 1656 animentur
818 1614 1139 1663 fortitudinem3
1173 1625 1214 1656 et
1237 1615 1369 1668 magis
1397 1615 1556 1670 eligant
1587 1617 1628 1658 iu
1661 1618 1735 1658 ad-

210 1680 352 1726 versis,
379 1674 577 1716 mutilatis
603 1673 800 1713 membris
823 1682 866 1713 et
897 1673 1036 1723 rebus,
1071 1688 1165 1713 cum
1190 1673 1322 1714 salute
1345 1672 1588 1716 libertatum
1613 1676 1732 1717 liberi

208 1736 409 1790 gaudere,
445 1747 568 1789 quam
593 1731 668 1771 sub
691 1730 928 1786 periculosa
950 1746 1173 1785 corporum
1198 1733 1279 1772 fide
1314 1732 1473 1774 incerta
1490 1742 1731 1789 temporum

209 1795 349 1849 quiete
373 1790 573 1832 mutilatis
596 1789 857 1830 libertatibus
881 1789 1087 1830 serviliter
1107 1790 1359 1846 quiescere.]
1427 1792 1570 1833 Novas
1593 1793 1736 1849 itaque

210 1853 358 1892 modos
382 1847 629 1890 adversandi
657 1848 892 1902 Episcopus
914 1848 1200 1902 excogitavit3
1224 1850 1375 1905 quibus
1411 1859 1496 1891 tam
1521 1851 1736 1892 monachis

210 1925 334 1965 quam
374 1906 700 1962 provincialibus
744 1906 980 1946 habebatur
1025 1906 1213 1950 infestus.
1281 1907 1328 1947 In
1362 1923 1537 1967 operum
1572 1913 1731 1950 etenim

210 1966 506 2014 inconstantia,
531 1965 612 2003 oris
635 1974 676 2004 et
698 1964 837 2013 animi,
862 1964 1045 2018 plurima
1067 1964 1199 2005 inesse
1221 1964 1445 2012 videbatur
1465 1967 1732 2022 dupplicituS.

213 2026 323 2066 Nam
348 2026 379 2063 si
403 2023 502 2078 quid
521 2023 572 2062 ab
596 2021 686 2071 hiis,
723 2030 768 2062 ut
791 2023 979 2076 putabat,
1004 2022 1045 2063 in
1069 2025 1325 2064 contrarium
1348 2035 1557 2084 ageretur,
1591 2040 1731 2067 rerum

211 2082 494 2137 spoliationes,
539 2094 762 2134 corporum
808 2080 1075 2130 inclusiones,
1126 2096 1180 2122 ex
1232 2081 1304 2122 irae
1336 2084 1617 2134 vehementia,
1651 2099 1734 2140 qua

211 2142 448 2195 regebatur,
474 2139 655 2192 jubebat
687 2137 843 2179 inferri.
919 2139 1002 2180 Sed
1039 2139 1166 2180 etiam
1201 2145 1371 2195 querela
1400 2145 1454 2186 ad
1496 2142 1630 2197 ipsum
1663 2143 1736 2184 de-

212 2201 311 2248 lata,
349 2197 483 2254 [cum]
516 2196 753 2252 ignorantia
790 2196 1122 2247 [innocentiam]
1162 2203 1417 2253 praetendit3
1450 2215 1497 2244 ac
1520 2200 1551 2240 si
1574 2201 1735 2242 (liceret

211 2257 307 2306 feci,
342 2266 382 2296 et
416 2270 500 2295 non
545 2254 638 2295 feci.
704 2253 758 2295 Et
799 2254 896 2295 licet
938 2255 1120 2311 aliquam
1169 2258 1209 2297 iu
1247 2261 1457 2316 responsis
1495 2258 1730 2300 invenirent

211 2313 554 2362 consolationem,
606 2311 837 2367 perfectam
885 2313 1054 2354 minime
1085 2316 1360 2369 reportabant
1405 2316 1730 2360 restitutionem.

212 2372 483 2414 Haesitabant
505 2370 672 2424 singuli,
706 2371 807 2425 quid
830 2370 968 2425 potius
990 2372 1042 2412 ad
1065 2387 1212 2426 pacem
1245 2389 1363 2417 suam
1384 2374 1619 2432 expediret,
1635 2390 1731 2415 cum

211 2430 412 2486 conqueri
455 2431 495 2469 in
519 2428 637 2469 malis
660 2443 744 2468 non
768 2429 1005 2483 profuisset.
1074 2431 1156 2470 Alii
1188 2431 1241 2472 ad
1277 2434 1558 2490 episcopalem
1593 2433 1738 2474 amici-

213 2491 310 2529 tiam
347 2497 390 2529 et
426 2486 767 2536 familiaritatem,
802 2486 887 2539 [in]
920 2489 1162 2529 muneribus
1205 2490 1268 2531 vel
1306 2491 1620 2534 adulationibus
1648 2491 1735 2531 sive

213 2545 549 2587 accusationibus
571 2544 853 2601 indulgentes,
879 2560 923 2585 se
947 2546 1263 2591 transferebant.
1333 2550 1528 2607 Plerique
1551 2549 1732 2599 barbari,

213 2605 481 2661 indignantes
502 2602 732 2644 dominium
756 2617 807 2643 ex
830 2602 958 2643 animi
974 2603 1142 2654 virtute,
1177 2605 1209 2646 si
1241 2609 1536 2663 coadjutorum
1561 2607 1735 2648 brachio

213 2663 472 2710 fulcirentur,
491 2660 683 2701 resistere
712 2659 1015 2705 decernebant.
1081 2662 1299 2716 Nonnulli,
1324 2675 1496 2722 propter
1511 2680 1599 2708 rem
1624 2676 1736 2707 tran-

214 2720 413 2768 sitm-iam,
441 2717 690 2771 judicabant
713 2718 929 2759 meliorem
962 2734 1051 2760 esse
1075 2721 1355 2765 tolerantiam.
1418 2725 1586 2766 Lite-ras
1609 2723 1736 2764 etiam

214 2793 237 2817 a
264 2778 370 2817 Sede
389 2775 619 2830 apostolica
658 2776 955 2829 impetraverat
976 2792 985 2825 3
1019 2792 1192 2832 quarum
1217 2783 1471 2824 auctoritate
1494 2780 1733 2822 officialium
