1807 2962
415 82 679 117 ROBER'TUS
717 83 783 115 DE
822 81 1165 116 GRAYSTANEsz
1497 72 1561 116 43

37 194 246 251 pellarunt
276 207 354 249 pro
385 207 429 233 se
465 190 765 233 Dunelmensis
803 190 1046 232 Bertramus
1080 188 1203 231 Prior
1233 195 1276 230 et
1300 188 1562 239 Conventus,

38 253 227 295 dicentes
259 266 302 292 se
324 250 433 292 velle
455 249 631 291 domino
656 250 784 302 Papae
806 249 849 289 in
871 248 994 289 licitis
1016 256 1060 289 et
1082 247 1270 287 honestis
1292 254 1335 287 et
1357 246 1414 287 eis
1436 247 1568 302 possi-—

38 311 193 353 bilibus
214 309 403 358 obedire,
427 316 470 349 et
492 322 659 363 semper
681 306 874 349 obedisse
893 321 904 355 ;
935 306 1010 347 sed
1033 305 1274 360 spoliationi
1296 305 1568 346 ecclesiarum

41 383 226 418 suarum,
260 366 489 421 direptioni
521 367 747 416 bonorum,
785 363 1047 406 subversioni
1083 362 1342 412 libertatum,
1380 364 1570 404 subtrac—

42 426 147 470 tioni
169 424 426 475 victualium,
460 433 661 480 tanquam
685 422 1020 464 intolerabilibus
1042 429 1082 463 et
1106 420 1429 476 impossibilibus
1451 421 1571 463 dixe-

42 494 140 526 runt
159 499 203 525 se
224 498 310 524 non
332 484 549 532 assentire,
574 481 793 523 indictioni
816 480 1029 521 vilissimae
1051 478 1264 521 servitutis
1286 478 1328 519 in
1351 479 1573 521 ecclesiam

44 541 216 592 Christi,
249 539 484 596 gravissimi
538 539 580 581 in
617 540 734 580 clero
783 537 987 588 scandali,
1029 536 1318 579 nefandissimi
1355 537 1575 592 obprobrii

41 599 249 650 crucifixi,
275 606 498 655 [tanquam
515 596 840 639 irremediabilis
857 596 1154 651 inperpetuum
1174 595 1432 636 incommodi
1451 611 1573 637 occa-

44 658 190 711 sioni]‚
223 665 394 714 paratos
425 671 469 698 se
501 655 792 697 contradicere
815 664 1061 704 asserenteS‚
1085 661 1126 695 ct
1148 653 1230 694 hoe
1253 654 1578 710 quibuscunque

45 716 318 758 exactionum
352 714 657 756 executoribus
697 717 801 766 [non
833 712 922 753 sine
954 711 1112 753 doloris
1144 711 1447 763 amaritudine]
1481 727 1579 767 pro-

48 773 248 816 testandov
267 773 580 815 denuntiantes
630 771 779 829 [Cum,
804 770 945 826 igitur,
969 770 1176 812 decimam
1200 770 1580 812 ecclesiasticorum

46 840 329 888 proventuum
363 830 537 871 domino
563 829 673 886 Regi
698 828 867 883 Angliae
902 828 945 869 in
966 828 1197 869 subsidium
1220 827 1579 882 peregrinacionis

49 905 136 932 suae
168 905 194 931 a
226 889 481 945 quibusdam
523 886 696 943 prelatis
730 886 917 943 Angliae‚
952 886 1113 941 majore
1156 897 1274 941 parte
1310 887 1412 928 cleri
1450 887 1583 928 recla-

48 956 208 998 mante,
231 962 305 1002 per
342 945 574 988 triennium
607 960 866 995 concessam,
899 945 1037 1000 parati
1069 954 1207 985 essent
1228 944 1406 995 solvere,
1431 953 1474 986 et
1504 960 1583 1001 pro

48 1006 215 1047 duobus
247 1004 367 1046 annis
397 1005 487 1060 jam
521 1003 760 1053 solvissent]
793 1011 941 1044 contra
973 1001 1196 1059 magistros
1231 1002 1498 1044 Rostandum
1539 1011 1584 1044 et

56 1064 107 1105 B.
133 1066 437 1112 Senonensem,
466 1062 538 1113 [ad
563 1061 795 1102 indebitam
817 1060 1043 1116 pecuniam
1065 1075 1142 1116 per
1164 1060 1314 1102 falsum
1336 1070 1585 1116 procurato-

50 1122 159 1163 rium
191 1121 485 1162 fraudulenter
517 1119 575 1161 eis
597 1119 850 1174 impositam,
875 1119 1130 1175 quibusdam
1152 1120 1469 1171 mercatoribus,
1493 1120 1586 1176 qui-

52 1181 129 1221 bus
151 1179 194 1220 in
217 1179 336 1220 nullo
358 1178 558 1219 dixerunt
589 1193 633 1220 se
657 1176 807 1227 teneri,
841 1177 1103 1227 solvendam,
1136 1191 1213 1232 per
1242 1178 1586 1220 excommunica-

53 1237 177 1280 tionis
198 1235 478 1282 etinterdicti
510 1239 613 1288 [ita]
645 1250 716 1276 eos
757 1235 1014 1290 compellere
1056 1244 1206 1276 contra
1232 1235 1447 1290 justiciam
1479 1237 1587 1278 nite-

53 1296 218 1346 rentur]
253 1295 522 1350 praesentiam
546 1292 707 1334 domini
741 1293 873 1348 Papae
905 1301 948 1334 et
987 1292 1277 1335 Cal-dinalium
1300 1294 1583 1349 appellarunt,

55 1354 233 1396 sabbato
254 1368 340 1409 quo
361 1361 559 1394 cantatur
579 1353 781 1400 Sitientes,
805 1366 933 1400 anno,
957 1359 1057 1400 etc„
1081 1364 1265 1394 MCCLVI.
1319 1353 1464 1403 Anno,
1489 1362 1585 1403 etc„

57 1425 282 1462 MCCLvnI,
305 1424 400 1451 xvn
424 1410 508 1451 kal.
535 1408 731 1465 Augusti,
757 1409 1006 1450 Bertramus
1032 1408 1155 1450 Prior
1176 1423 1251 1464 per
1284 1409 1342 1451 H.
1382 1412 1588 1466 Supprio-

57 1485 147 1511 rem
180 1469 347 1524 rogavit
378 1475 652 1517 conventum,
690 1475 739 1508 ut
772 1466 1034 1508 concessioni
1066 1482 1154 1508 suae
1186 1476 1407 1519 annueret,
1447 1477 1490 1510 et
1531 1469 1586 1510 de

57 1528 180 1570 bonis
211 1526 456 1568 monasterii
488 1526 526 1567 ei
550 1525 834 1580 provisionem
858 1539 1089 1579 congruam
1112 1525 1361 1579 assignaret.
1412 1526 1587 1568 Vocatis

59 1601 163 1641 ergo
184 1585 300 1627 domi
324 1584 542 1627 Prioribus
568 1583 785 1625 Cellarum
817 1592 860 1624 et
894 1583 1123 1638 majoribus
1156 1583 1342 1638 capituli,
1381 1583 1424 1625 in
1448 1585 1592 1639 vigilia

65 1643 373 1698 Assumptionis
395 1642 593 1697 exposita
622 1641 846 1682 voluntate
883 1641 1055 1691 Prioris,
1088 1640 1303 1683 defectum
1332 1650 1375 1684 et
1397 1642 1590 1685 debilita-

60 1712 146 1743 tem
169 1702 316 1742 virium
349 1699 632 1755 corporalium
668 1698 895 1753 allegante,
929 1698 1311 1756 fatigationemque
1339 1700 1381 1740 in
1415 1700 1590 1743 diversis

61 1760 206 1801 officiis
239 1759 481 1800 monasterii
511 1771 587 1813 per
617 1771 677 1798 XL
713 1771 859 1807 annos,
882 1765 926 1797 et
957 1756 999 1797 in
1026 1756 1222 1798 Prioratu
1253 1772 1328 1813 per
1359 1772 1449 1809 XIV,
1484 1774 1592 1814 prac-

63 1818 282 1868 tendente,
307 1817 418 1859 lecta
449 1824 512 1858 est
533 1815 730 1872 quaedam
752 1815 870 1856 bulla
890 1814 1064 1856 domino
1087 1815 1304 1870 Episcopo
1328 1817 1591 1860 Dunelmen·

63 1876 96 1916 si
118 1890 193 1931 per
213 1890 422 1917 summum
444 1874 699 1916 Pontificem
716 1872 940 1923 destinata,
960 1872 1194 1923 continens,
1210 1874 1326 1931 quod
1342 1874 1591 1930 Episcopus,

65 1933 246 1975 admissa
278 1933 466 1975 cessione
500 1931 676 1981 prioris,
698 1931 944 1986 provideret
965 1930 1102 1973 eidem
1126 1932 1180 1973 de
1205 1939 1414 1988 [congrua
1434 1937 1494 1986 et]
1519 1933 1595 1976 ho-

65 2002 186 2033 nesta
214 1990 523 2033 sustentatione
554 1989 608 2031 dc
639 1989 761 2031 bonis
785 1989 1005 2031 Prioratus
1049 1989 1204 2044 [juxta
1238 1990 1462 2032 facultates
1483 1992 1591 2047 ejus,

65 2050 205 2091 eidem
223 2050 390 2092 Bellum
417 2048 648 2090 Redditum
671 2047 959 2104 assignando}
1026 2047 1125 2095 Qua
1143 2048 1260 2090 bulla
1280 2049 1390 2090 dixit
1411 2064 1455 2091 se
1474 2050 1597 2092 Prior

66 2108 181 2149 nolle
204 2108 265 2149 uti
283 2123 295 2156 3
328 2122 381 2149 ne
408 2107 640 2162 Episcopus
658 2114 801 2147 nostra
819 2104 1098 2155 discutiendo,
1115 2106 1340 2162 plusquam
1358 2116 1594 2162 oporteret,

67 2166 120 2207 de
138 2175 281 2207 nostro
298 2174 409 2207 statu
430 2172 690 2222 agnosceret.
753 2163 874 2205 Missi
897 2171 994 2204 sunt
1017 2178 1120 2218 ergo
1138 2164 1224 2206 duo
1238 2165 1387 2207 fratres
1402 2165 1456 2207 ad
1475 2166 1599 2221 Epis-

68 2236 237 2279 copum,
272 2223 416 2265 literas
438 2238 563 2278 super
585 2223 771 2263 cessione
797 2221 955 2263 Prioris
978 2221 1162 2276 signatas
1181 2222 1434 2274 deferentes,
1459 2223 1600 2265 humi-

69 2279 163 2322 liter
184 2296 280 2323 eum
312 2296 367 2323 ex
388 2279 693 2336 partePrioris
715 2280 1007 2334 deprecanteS,
1044 2289 1091 2321 ut
1126 2279 1309 2335 benigne
1335 2281 1425 2334 ejus
1446 2281 1598 2323 admit-

69 2347 179 2380 teret
220 2339 467 2383 cessionem.
531 2339 584 2379 In
625 2337 822 2387 crastino,
851 2337 992 2394 igitur,
1023 2338 1137 2379 missi
1168 2349 1266 2379 sunt
1297 2339 1351 2379 ab
1384 2339 1597 2394 Episcopo

69 2397 268 2451 magister
293 2396 355 2438 W.
379 2397 433 2438 de
458 2395 585 2436 Meru
607 2403 651 2436 et
672 2395 866 2436 dominus
888 2395 928 2436 J.
958 2395 1011 2436 de
1035 2395 1235 2445 London,
1260 2396 1599 2439 commissionem

69 2454 295 2510 specialem
318 2454 371 2495 ad
403 2453 606 2508 praedicta
627 2452 860 2500 habentes;
892 2453 962 2508 qui
987 2452 1161 2507 ingressi
1182 2468 1393 2495 cameram
1425 2455 1598 2506 Prioris,

71 2521 113 2554 et
136 2513 283 2554 audita
304 2511 542 2553 rationabili
576 2525 701 2551 causa
733 2510 932 2551 cessionis
968 2510 1071 2564 ejus,
1110 2526 1201 2553 eam
1235 2511 1524 2562 admiserunt3
1557 2523 1600 2555 et

72 2585 213 2611 curam
239 2569 482 2611 monasterii
513 2568 555 2609 in
577 2567 865 2623 spiritualibus
887 2567 945 2610 H.
972 2568 1208 2624 Suppriori,
1234 2569 1275 2609 in
1297 2571 1599 2625 temporalibus

73 2628 247 2669 domino
284 2627 334 2669 R.
367 2628 421 2669 dc
456 2626 666 2667 Waltham
692 2624 1003 2667 constabulario
1024 2627 1338 2670 commiserunt.
1401 2628 1601 2684 Assigna-

74 2686 217 2742 vitque
250 2694 484 2727 conventus
518 2684 741 2725 Bertramo
766 2683 918 2733 Priori,
942 2699 1019 2738 pro
1041 2685 1281 2739 provisione
1304 2702 1391 2736 sua,
1416 2687 1600 2738 [Beure-

75 2743 166 2799 pair
191 2759 286 2786 cum
317 2742 593 2800 pertinentiis,
629 2741 823 2787 ecclesias
855 2740 909 2784 dc
948 2742 1205 2799 Petingdon,
1248 2744 1524 2802 Heyngtone,
1560 2756 1600 2788 et
