1807 2962
510 78 787 110 APPENDIX.
816 78 936 109 ANN.
967 77 1227 110 MLxxxm.
1592 66 1634 113 ix

106 185 396 239 indulgemus3
429 193 472 227 et
494 200 619 241 super
641 184 838 227 ecclesias
860 193 902 226 et
924 184 1097 226 clericos
1120 185 1308 227 ecclesiis
1330 186 1633 237 deservientes,

103 258 208 308 quas
229 243 273 284 in
293 243 553 298 Episcopatu
574 243 866 293 Dunelmensi,
886 244 1175 307 cujuscunque
1188 243 1418 298 largicione
1435 245 1636 286 canonice

103 300 281 356 adipisci
310 301 479 366 valebit,
514 301 901 343 Alchidiaconatus
931 299 1115 341 officium
1138 301 1226 355 ejus
1249 301 1499 343 discrecioni
1521 302 1638 343 dele·

104 373 279 423 gamus3
313 360 510 415 quatinus
542 358 685 400 omnia
714 359 768 400 ad
799 358 914 400 idem
938 358 1251 400 Monasterium
1275 359 1528 414 pertinentia
1550 361 1637 415 ejus

104 416 298 470 reglmmi
321 427 363 458 et
380 416 668 472 disposicioni,
692 416 884 458 adhibito
899 417 1124 457 dumtaxat
1151 417 1338 472 Capituli
1361 417 1423 458 sui
1445 417 1636 467 consilio,

99 474 310 528 subjecta,
342 474 385 516 in
407 490 631 516 commune
667 475 941 515 commodum
974 475 1275 517 extendantur.
1340 476 1426 517 Sed
1456 484 1498 516 et
1520 490 1638 515 sanc-

103 531 256 574 tissimi
287 542 382 587 pati
385 548 416 573 15
442 535 576 574 nostri
596 532 712 574 beati
735 531 935 597 Gregorii
961 531 1091 587 Papae
1114 533 1405 575 sanctionibus
1427 533 1638 588 subscrip-

104 589 172 640 tis,
209 590 264 631 ad
297 597 445 645 pacem
483 605 631 632 eorum
665 590 754 631 voti
786 590 850 631 tui
881 589 1022 631 studio
1054 590 1294 645 religiosius
1316 591 1549 647 impetratis
1572 591 1636 632 in-

103 647 328 698 haereutes,
369 663 637 705 quaecunque
681 648 993 703 Episcoporum
1033 648 1280 703 praejudicia
1314 658 1356 691 et
1390 650 1636 715 gravamina

103 707 456 749 monasteriorum
478 715 523 749 et
544 707 851 748 monachorum
873 706 1003 762 quieti
1021 706 1247 748 obfutura
1238 707 1356 749 irrita
1376 707 1471 749 fieri
1492 708 1638 749 decre-

106 762 179 814 vit,
215 764 409 806 Priorem
440 773 484 806 et
516 764 747 806 monachos
781 764 1095 805 Dunelmenses
1128 765 1180 806 ab
1205 765 1418 816 universis,
1443 766 1635 808 Domino

101 832 378 877 cooperante,
401 823 671 873 absolvimus,
695 821 895 878 quatinus
916 822 1041 863 nullis
1062 823 1353 865 ecclesiasticis
1375 824 1635 866 condicioni-

104 879 186 920 bus
208 881 277 921 vel
297 881 491 937 angariis,
515 881 583 922 vel
603 880 861 936 quibuslibet
878 879 1088 936 obsequiis
1106 881 1380 932 secularibus,
1399 882 1488 923 ullo
1505 882 1636 924 modo

101 938 365 992 subjaceant,
389 940 464 980 sed
484 939 658 980 remotis
680 938 841 980 cunctis
862 938 1178 993 graviminibuS,
1202 939 1391 981 divinum
1410 955 1516 996 osus
1537 956 1635 982 cum

106 1009 271 1037 summa
297 996 608 1062 tranquillitate
622 996 856 1052 perficiant.
925 996 1223 1039 Interdicimus
1246 997 1374 1053 igitur
1395 998 1439 1040 in
1460 999 1633 1041 nomine

106 1053 285 1094 Domini
307 1055 407 1096 Jesu
454 1054 625 1105 Christi,
649 1063 692 1096 et
713 1069 769 1097 ex
789 1055 1044 1096 auctoritate
1061 1055 1176 1097 beati
1200 1055 1318 1097 Petri
1340 1058 1633 1112 apostolorum

104 1111 306 1167 principis
339 1112 628 1168 prohibemus,
668 1123 714 1154 ut
749 1113 887 1153 nullus
922 1113 1237 1168 Episcoporum
1273 1123 1347 1155 aut
1382 1115 1633 1157 secularium

102 1169 218 1210 ultra
238 1179 466 1224 praesumat
488 1171 542 1212 de
564 1170 817 1221 redditibus,
841 1170 980 1221 rebus,
1000 1170 1065 1212 vel
1088 1171 1227 1222 cartis,
1247 1187 1297 1227 pl
1299 1172 1440 1215 aedicti
1459 1172 1636 1215 Mouas-

105 1227 213 1277 terii,
232 1228 299 1268 vel
320 1228 373 1270 de
396 1229 595 1280 555155115,
615 1229 761 1278 cellis,
782 1229 847 1269 vel
865 1228 987 1279 villis,
1011 1243 1107 1284 quae
1124 1229 1179 1270 ad
1196 1230 1428 1272 monachos
1445 1231 1632 1296 ejusdem

106 1286 350 1327 monaste1ii
379 1287 610 1342 pertinent,
645 1301 900 1343 quocunque
923 1287 1065 1353 modO,
1089 1302 1161 1328 seu
1184 1287 1374 1343 qualibet
1396 1289 1632 1340 occasione,

107 1343 227 1385 aufei
229 1358 290 1394 re,
314 1344 518 1395 minuere,
550 1345 618 1386 vel
635 1344 756 1386 dolos
776 1344 874 1386 vel
865 1344 1127 1386 mmissiones
1144 1345 1302 1402 aliquas
1318 1346 1471 1397 facere,
1492 1362 1631 1403 neque

105 1411 258 1443 contra
297 1402 405 1444 hanc
447 1402 727 1444 institucionis
768 1411 927 1443 nostrae
967 1402 1164 1458 paginam
1203 1403 1351 1460 aliquis
1394 1404 1633 1470 Episcopus

106 1470 336 1515 praesumat
370 1461 507 1516 ipsum
543 1461 735 1502 Priorem
766 1461 969 1502 canonice
995 1461 1178 1502 electum
1201 1472 1275 1503 aut
1296 1464 1526 1504 monachos
1548 1463 1633 1505 sive

105 1518 283 1559 clericos
314 1533 461 1559 eorum
494 1518 878 1584 excommunicare,
910 1519 976 1559 vel
998 1519 1190 1575 quolibet
1212 1520 1341 1561 modo
1381 1520 1633 1577 inquietaime

109 1577 194 1617 Sed
227 1576 260 1616 si
291 1576 451 1632 aliquid
483 1576 786 1618 controversiae
818 1576 929 1617 inter
952 1577 1211 1632 Episcopum
1234 1578 1566 1620 Dunelmensem
1589 1588 1633 1620 et

111 1633 300 1674 Priorem
334 1645 460 1690 atque
491 1635 722 1675 monachos
753 1634 1009 1691 quandoque
1039 1635 1273 1686 emerserit,
1306 1637 1445 1677 citatis
1468 1637 1633 1678 duobus

109 1691 177 1731 vel
200 1691 332 1733 tribus
358 1692 574 1734 Prioribus
601 1692 739 1758 Regni
761 1692 950 1747 ejusdem
973 1692 1202 1747 dignitatis,
1226 1694 1297 1749 qui
1321 1703 1448 1736 testes
1471 1704 1513 1736 et
1535 1710 1635 1749 cog-

107 1748 267 1790 nitores
299 1749 382 1790 sint
413 1750 602 1800 actioniS‚
626 1751 660 1791 si
682 1750 774 1791 fieri
796 1759 949 1805 potest,
972 1765 1163 1805 congruo
1184 1751 1332 1793 ordine
1356 1752 1633 1794 terminetur·
1622 1784 1634 1802 ,

108 1816 274 1848 remota
296 1822 466 1862 prorsus
488 1808 604 1849 omni
626 1808 926 1863 appellatione,
943 1823 1039 1864 quae
1060 1817 1209 1850 contra
1225 1810 1491 1865 praescriptas
1508 1811 1634 1852 111151-

109 1874 222 1905 tates
239 1880 363 1919 agere
378 1865 582 1918 videatur,
598 1866 676 1907 nisi
694 1866 820 1916 forte,
844 1867 961 1922 quod
978 1866 1102 1916 absit,
1123 1882 1237 1921 saepe
1254 1867 1495 1909 nominatus
1512 1868 1636 1910 Prior

108 1937 134 1963 a
166 1931 258 1964 toto
294 1923 522 1965 Conventu
554 1930 631 1965 suo
663 1933 882 1965 accusatus
916 1924 970 1965 de
1005 1923 1269 1978 gravioribus
1304 1933 1345 1966 et
1367 1926 1634 1968 evidentibus

106 1980 257 2034 culpis,
282 1996 385 2037 quas
407 1981 514 2023 sacri
534 1996 718 2023 canones
753 1981 896 2037 puniti
912 1982 1252 2032 monstanveiint,
1272 1992 1314 2024 et
1331 1998 1472 2025 coram
1490 1999 1637 2051 supra-

110 2037 231 2079 dictis
265 2039 441 2081 testibus
475 2039 707 2090 convictus,
740 2054 887 2081 eorum
903 2039 1066 2096 judicio
1087 2049 1161 2081 aut
1182 2041 1397 2081 canonicae
1418 2042 1634 2084 severitati

108 2096 326 2150 subjacere
360 2106 551 2151 cogatur,
590 2108 663 2139 aut
685 2098 777 2153 ipsa
797 2097 910 2139 aetio
938 2097 980 2138 in
1004 2097 1247 2151 apostolicae
1270 2098 1381 2139 sedis
1402 2100 1635 2153 praesencia

109 2154 374 2196 terminanda
401 2155 636 2197 differatur.
697 2156 769 2197 De
791 2164 949 2196 caetero
971 2156 1084 2196 salva
1107 2155 1407 2197 Dunelmensis
1433 2157 1635 2213 Episcopi

106 2213 314 2254 canonica
344 2212 602 2254 reverencia.
661 2212 908 2267 Dignitates
939 2228 1055 2263 vero,
1088 2213 1285 2264 honores,
1308 2213 1396 2255 sive
1416 2214 1635 2258 libertates

107 2271 407 2323 possessiones,
446 2271 578 2311 eciam
607 2280 651 2312 et
683 2271 826 2312 onmia
861 2271 990 2335 bona,
1023 2286 1119 2326 quae
1145 2271 1186 2311 in
1211 2271 1407 2322 555155115,
1432 2272 1566 2323 terris,
1590 2284 1633 2317 et

107 2327 234 2366 rebus
257 2327 360 2376 aliiS,
384 2328 451 2368 vel
474 2328 709 2383 Episcopm
713 2343 781 2368 um
805 2328 1092 2378 concessione,
1119 2328 1183 2368 vel
1207 2329 1375 2383 Regum
1396 2344 1445 2370 ac
1469 2330 1635 2372 Princi-

109 2397 211 2436 Ρ11111
243 2384 513 2434 liberalitate,
546 2386 633 2425 sive
666 2385 844 2425 aliorum
876 2385 1064 2425 fidelium
1099 2385 1328 2439 laigicione
1354 2395 1427 2427 aut
1449 2387 1634 2443 adquisi-

108 2440 233 2482 cione
264 2441 453 2495 legitima
484 2442 716 2496 possident,
751 2442 836 2482 sive
868 2442 910 2482 in
933 2443 1135 2491 futurum,
1160 2443 1366 2496 largiente
1389 2444 1633 2499 Deo,Juste

109 2498 286 2553 adipisci
325 2498 527 2553 poterint,
574 2499 712 2541 Piiori
747 2508 791 2540 et
827 2499 1057 2548 monachis,
1097 2500 1267 2556 suisque
1305 2503 1630 2555 successoribus,

111 2565 284 2597 auctore
302 2556 505 2606 Domino,
529 2557 843 2605 confirmamus3
859 2557 1054 2612 quatinus
1069 2572 1211 2598 omnia
1226 2559 1395 2613 integra
1411 2568 1454 2600 et
1470 2559 1634 2604 illibata

109 2625 429 2665 conserventur,
453 2629 527 2655 501
532 2629 614 2664 um,
637 2630 715 2669 pro
731 2629 838 2670 quoi
843 2630 911 2655 um
929 2615 1240 2656 sustentacione
1258 2625 1302 2656 et
1319 2617 1634 2684 gubernacione

109 2685 310 2713 concessa
342 2681 451 2722 sunt,
488 2672 629 2712 usibus
664 2672 915 2713 omnimodis
949 2673 1185 2726 profutura.
1258 2674 1389 2729 Siqua
1422 2675 1552 2729 igitur
1587 2677 1632 2719 in

110 2728 300 2770 f·utu1um
333 2729 618 2772 ecclesiastica
653 2730 903 2772 secularisve
943 2745 1138 2785 pelsona,
1170 2731 1279 2773 hanc
1301 2742 1456 2774 nostrae
1478 2735 1635 2776 consti-
