<?xml version="1.0" encoding="UTF-8"?>
<!DOCTYPE html PUBLIC "-//W3C//DTD XHTML 1.0 Transitional//EN"
    "http://www.w3.org/TR/xhtml1/DTD/xhtml1-transitional.dtd">
<html xmlns="http://www.w3.org/1999/xhtml" xml:lang="en" lang="en">
 <head>
  <title>
</title>
<meta http-equiv="Content-Type" content="text/html;charset=utf-8" />
  <meta name='ocr-system' content='tesseract 3.04.00' />
  <meta name='ocr-capabilities' content='ocr_page ocr_carea ocr_par ocr_line ocrx_word'/>
</head>
<body>
  <div class='ocr_page' id='page_1' title='image "./historiaedunelme00gauf_0194.png"; bbox 0 0 1807 2962; ppageno 0'>
   <div class='ocr_carea' id='block_1_1' title="bbox 237 112 1443 156">
    <p class='ocr_par' dir='ltr' id='par_1_1' title="bbox 237 112 1443 156">
     <span class='ocr_line' id='line_1_1' title="bbox 237 112 1443 156; baseline -0.007 -2"><span class='ocrx_word' id='word_1_1' title='bbox 237 112 330 156; x_wconf 73' lang='lat'>140</span> <span class='ocrx_word' id='word_1_2' title='bbox 542 119 677 152; x_wconf 76' lang='lat' dir='ltr'>msr.</span> <span class='ocrx_word' id='word_1_3' title='bbox 705 117 940 150; x_wconf 77' lang='lat' dir='ltr'><strong>DUNELM.</strong></span> <span class='ocrx_word' id='word_1_4' title='bbox 969 115 1275 148; x_wconf 78' lang='lat' dir='ltr'>SCRIPTORES</span> <span class='ocrx_word' id='word_1_5' title='bbox 1303 114 1443 148; x_wconf 69' lang='lat' dir='ltr'>raas.</span> 
     </span>
    </p>
   </div>
   <div class='ocr_carea' id='block_1_2' title="bbox 212 221 1805 2815">
    <p class='ocr_par' dir='ltr' id='par_1_2' title="bbox 212 221 1805 2815">
     <span class='ocr_line' id='line_1_2' title="bbox 291 221 1751 282; baseline -0.004 -12"><span class='ocrx_word' id='word_1_6' title='bbox 291 227 500 271; x_wconf 84' lang='lat' dir='ltr'>Omnibus</span> <span class='ocrx_word' id='word_1_7' title='bbox 541 227 625 269; x_wconf 86' lang='lat' dir='ltr'>hoc</span> <span class='ocrx_word' id='word_1_8' title='bbox 654 226 854 282; x_wconf 78' lang='lat' dir='ltr'>seriptum</span> <span class='ocrx_word' id='word_1_9' title='bbox 883 222 1262 280; x_wconf 74' lang='lat' dir='ltr'>quinquipertitum</span> <span class='ocrx_word' id='word_1_10' title='bbox 1294 221 1444 265; x_wconf 85' lang='lat' dir='ltr'>visuris</span> <span class='ocrx_word' id='word_1_11' title='bbox 1484 222 1550 264; x_wconf 90' lang='lat' dir='ltr'>vel</span> <span class='ocrx_word' id='word_1_12' title='bbox 1582 222 1751 264; x_wconf 85' lang='lat' dir='ltr'>auditu-</span> 
     </span>
     <span class='ocr_line' id='line_1_3' title="bbox 228 280 1751 337; baseline -0.003 -9"><span class='ocrx_word' id='word_1_13' title='bbox 228 287 284 328; x_wconf 80' lang='lat' dir='ltr'>ris</span> <span class='ocrx_word' id='word_1_14' title='bbox 316 286 383 328; x_wconf 86' lang='lat' dir='ltr'>vel</span> <span class='ocrx_word' id='word_1_15' title='bbox 421 284 590 327; x_wconf 90' lang='lat' dir='ltr'>lecturis</span> <span class='ocrx_word' id='word_1_16' title='bbox 620 284 728 326; x_wconf 82' lang='lat' dir='ltr'>hanc</span> <span class='ocrx_word' id='word_1_17' title='bbox 773 281 1008 337; x_wconf 86' lang='lat' dir='ltr'>Epistolam</span> <span class='ocrx_word' id='word_1_18' title='bbox 1053 282 1302 322; x_wconf 82' lang='lat' dir='ltr'>Conventus</span> <span class='ocrx_word' id='word_1_19' title='bbox 1347 280 1551 322; x_wconf 86' lang='lat' dir='ltr'>Ecclesiae</span> <span class='ocrx_word' id='word_1_20' title='bbox 1593 281 1751 323; x_wconf 89' lang='lat' dir='ltr'>Cathe-</span> 
     </span>
     <span class='ocr_line' id='line_1_4' title="bbox 226 338 1753 386; baseline -0.004 0"><span class='ocrx_word' id='word_1_21' title='bbox 226 345 354 386; x_wconf 86' lang='lat' dir='ltr'>dralis</span> <span class='ocrx_word' id='word_1_22' title='bbox 403 342 705 384; x_wconf 90' lang='lat' dir='ltr'>Dunelmensis</span> <span class='ocrx_word' id='word_1_23' title='bbox 750 340 929 381; x_wconf 88' lang='lat' dir='ltr'>salutem</span> <span class='ocrx_word' id='word_1_24' title='bbox 970 338 1015 380; x_wconf 90' lang='lat' dir='ltr'>in</span> <span class='ocrx_word' id='word_1_25' title='bbox 1055 339 1246 379; x_wconf 91' lang='lat' dir='ltr'>omnium</span> <span class='ocrx_word' id='word_1_26' title='bbox 1289 338 1522 381; x_wconf 87' lang='lat' dir='ltr'>Salvatore.</span> <span class='ocrx_word' id='word_1_27' title='bbox 1608 338 1753 380; x_wconf 89' lang='lat' dir='ltr'>Nove-</span> 
     </span>
     <span class='ocr_line' id='line_1_5' title="bbox 223 396 1750 455; baseline -0.003 -12"><span class='ocrx_word' id='word_1_28' title='bbox 223 402 314 443; x_wconf 89' lang='lat' dir='ltr'>ritis</span> <span class='ocrx_word' id='word_1_29' title='bbox 355 401 553 449; x_wconf 88' lang='lat' dir='ltr'>universi,</span> <span class='ocrx_word' id='word_1_30' title='bbox 595 399 710 455; x_wconf 88' lang='lat' dir='ltr'>quod</span> <span class='ocrx_word' id='word_1_31' title='bbox 740 412 817 439; x_wconf 89' lang='lat' dir='ltr'>nos</span> <span class='ocrx_word' id='word_1_32' title='bbox 854 396 1100 438; x_wconf 81' lang='lat' dir='ltr'>immensam</span> <span class='ocrx_word' id='word_1_33' title='bbox 1142 396 1395 451; x_wconf 80' lang='lat' dir='ltr'>probitatem</span> <span class='ocrx_word' id='word_1_34' title='bbox 1437 396 1750 438; x_wconf 85' lang='lat' dir='ltr'>fructuosorum</span> 
     </span>
     <span class='ocr_line' id='line_1_6' title="bbox 224 452 1752 514; baseline -0.004 -13"><span class='ocrx_word' id='word_1_35' title='bbox 224 460 432 508; x_wconf 85' lang='lat' dir='ltr'>laborum,</span> <span class='ocrx_word' id='word_1_36' title='bbox 470 472 575 514; x_wconf 89' lang='lat' dir='ltr'>quos</span> <span class='ocrx_word' id='word_1_37' title='bbox 604 455 863 498; x_wconf 88' lang='lat' dir='ltr'>reveren-dus</span> <span class='ocrx_word' id='word_1_38' title='bbox 894 454 938 495; x_wconf 91' lang='lat' dir='ltr'>in</span> <span class='ocrx_word' id='word_1_39' title='bbox 975 454 1147 496; x_wconf 88' lang='lat' dir='ltr'>Christo</span> <span class='ocrx_word' id='word_1_40' title='bbox 1183 453 1311 495; x_wconf 81' lang='lat' dir='ltr'>Pater</span> <span class='ocrx_word' id='word_1_41' title='bbox 1341 462 1384 495; x_wconf 89' lang='lat' dir='ltr'>et</span> <span class='ocrx_word' id='word_1_42' title='bbox 1414 452 1626 496; x_wconf 85' lang='lat' dir='ltr'>Dominus</span> <span class='ocrx_word' id='word_1_43' title='bbox 1657 454 1752 496; x_wconf 89' lang='lat' dir='ltr'>Do-</span> 
     </span>
     <span class='ocr_line' id='line_1_7' title="bbox 224 511 1805 566; baseline -0.004 -7"><span class='ocrx_word' id='word_1_44' title='bbox 224 517 364 559; x_wconf 84' lang='lat' dir='ltr'>minus</span> <span class='ocrx_word' id='word_1_45' title='bbox 397 515 587 557; x_wconf 87' lang='lat' dir='ltr'>Thomas</span> <span class='ocrx_word' id='word_1_46' title='bbox 620 515 673 555; x_wconf 88' lang='lat' dir='ltr'>de</span> <span class='ocrx_word' id='word_1_47' title='bbox 707 512 905 555; x_wconf 85' lang='lat' dir='ltr'>Hatfield</span> <span class='ocrx_word' id='word_1_48' title='bbox 937 511 1022 554; x_wconf 87' lang='lat' dir='ltr'>Dei</span> <span class='ocrx_word' id='word_1_49' title='bbox 1049 511 1185 566; x_wconf 89' lang='lat' dir='ltr'>gratia</span> <span class='ocrx_word' id='word_1_50' title='bbox 1218 511 1451 566; x_wconf 81' lang='lat' dir='ltr'>Episcopus</span> <span class='ocrx_word' id='word_1_51' title='bbox 1485 511 1750 552; x_wconf 82' lang='lat' dir='ltr'>Duuelmen-</span> <span class='ocrx_word' id='word_1_52' title='bbox 1803 511 1805 514; x_wconf 78' lang='grc'><strong>’</strong></span> 
     </span>
     <span class='ocr_line' id='line_1_8' title="bbox 223 568 1749 630; baseline -0.004 -14"><span class='ocrx_word' id='word_1_53' title='bbox 223 575 278 616; x_wconf 88' lang='lat' dir='ltr'>sis</span> <span class='ocrx_word' id='word_1_54' title='bbox 310 589 391 630; x_wconf 91' lang='lat' dir='ltr'>pro</span> <span class='ocrx_word' id='word_1_55' title='bbox 426 572 642 628; x_wconf 80' lang='lat' dir='ltr'>republica</span> <span class='ocrx_word' id='word_1_56' title='bbox 670 580 716 613; x_wconf 92' lang='lat' dir='ltr'>et</span> <span class='ocrx_word' id='word_1_57' title='bbox 748 569 995 612; x_wconf 88' lang='lat' dir='ltr'>defensione</span> <span class='ocrx_word' id='word_1_58' title='bbox 1028 569 1260 611; x_wconf 86' lang='lat' dir='ltr'>necessaria</span> <span class='ocrx_word' id='word_1_59' title='bbox 1292 569 1496 610; x_wconf 80' lang='lat' dir='ltr'>Ecclesiae</span> <span class='ocrx_word' id='word_1_60' title='bbox 1528 583 1576 610; x_wconf 85' lang='lat' dir='ltr'>ac</span> <span class='ocrx_word' id='word_1_61' title='bbox 1608 568 1749 625; x_wconf 77' lang='lat' dir='ltr'>Regni</span> 
     </span>
     <span class='ocr_line' id='line_1_9' title="bbox 225 627 1748 687; baseline -0.005 -13"><span class='ocrx_word' id='word_1_62' title='bbox 225 630 449 687; x_wconf 85' lang='lat' dir='ltr'>Anglicani</span> <span class='ocrx_word' id='word_1_63' title='bbox 482 629 605 671; x_wconf 84' lang='lat' dir='ltr'>variis</span> <span class='ocrx_word' id='word_1_64' title='bbox 641 629 802 670; x_wconf 87' lang='lat' dir='ltr'>vicibus</span> <span class='ocrx_word' id='word_1_65' title='bbox 834 627 1123 683; x_wconf 84' lang='lat' dir='ltr'>impendebat,</span> <span class='ocrx_word' id='word_1_66' title='bbox 1162 641 1328 667; x_wconf 82' lang='lat' dir='ltr'>necnon</span> <span class='ocrx_word' id='word_1_67' title='bbox 1364 641 1569 682; x_wconf 84' lang='lat' dir='ltr'>pauperes</span> <span class='ocrx_word' id='word_1_68' title='bbox 1600 635 1642 668; x_wconf 91' lang='lat' dir='ltr'>et</span> <span class='ocrx_word' id='word_1_69' title='bbox 1674 627 1748 667; x_wconf 89' lang='lat' dir='ltr'>de·-</span> 
     </span>
     <span class='ocr_line' id='line_1_10' title="bbox 221 683 1745 745; baseline -0.005 -14"><span class='ocrx_word' id='word_1_70' title='bbox 221 690 329 731; x_wconf 89' lang='lat' dir='ltr'>biles</span> <span class='ocrx_word' id='word_1_71' title='bbox 362 687 586 745; x_wconf 85' lang='lat' dir='ltr'>inspiciens</span> <span class='ocrx_word' id='word_1_72' title='bbox 624 687 749 728; x_wconf 90' lang='lat' dir='ltr'>oculo</span> <span class='ocrx_word' id='word_1_73' title='bbox 782 685 950 742; x_wconf 86' lang='lat' dir='ltr'>pietatis</span> <span class='ocrx_word' id='word_1_74' title='bbox 982 683 1308 726; x_wconf 84' lang='lat' dir='ltr'>misericorditer</span> <span class='ocrx_word' id='word_1_75' title='bbox 1337 684 1571 735; x_wconf 83' lang='lat' dir='ltr'>refovebat,</span> <span class='ocrx_word' id='word_1_76' title='bbox 1595 684 1745 726; x_wconf 88' lang='lat' dir='ltr'>domos</span> 
     </span>
     <span class='ocr_line' id='line_1_11' title="bbox 220 741 1748 804; baseline -0.004 -15"><span class='ocrx_word' id='word_1_77' title='bbox 220 746 436 804; x_wconf 85' lang='lat' dir='ltr'>religiosas</span> <span class='ocrx_word' id='word_1_78' title='bbox 467 754 510 787; x_wconf 90' lang='lat' dir='ltr'>et</span> <span class='ocrx_word' id='word_1_79' title='bbox 530 744 613 786; x_wconf 85' lang='lat' dir='ltr'>alia</span> <span class='ocrx_word' id='word_1_80' title='bbox 633 744 703 799; x_wconf 88' lang='lat' dir='ltr'>pia</span> <span class='ocrx_word' id='word_1_81' title='bbox 717 744 812 785; x_wconf 90' lang='lat' dir='ltr'>loca</span> <span class='ocrx_word' id='word_1_82' title='bbox 832 742 960 784; x_wconf 88' lang='lat' dir='ltr'>divini</span> <span class='ocrx_word' id='word_1_83' title='bbox 983 744 1024 783; x_wconf 91' lang='lat' dir='ltr'>in</span> <span class='ocrx_word' id='word_1_84' title='bbox 1045 742 1182 784; x_wconf 85' lang='lat' dir='ltr'>cultus</span> <span class='ocrx_word' id='word_1_85' title='bbox 1203 751 1245 784; x_wconf 87' lang='lat' dir='ltr'>et</span> <span class='ocrx_word' id='word_1_86' title='bbox 1275 741 1512 783; x_wconf 81' lang='lat' dir='ltr'>scholastici</span> <span class='ocrx_word' id='word_1_87' title='bbox 1534 741 1748 797; x_wconf 86' lang='lat' dir='ltr'>profectus</span> 
     </span>
     <span class='ocr_line' id='line_1_12' title="bbox 220 799 1749 860; baseline -0.005 -14"><span class='ocrx_word' id='word_1_88' title='bbox 220 812 495 860; x_wconf 70' lang='lat' dir='ltr'>augmentum</span> <span class='ocrx_word' id='word_1_89' title='bbox 532 803 722 844; x_wconf 83' lang='lat' dir='ltr'>relevare</span> <span class='ocrx_word' id='word_1_90' title='bbox 743 816 820 857; x_wconf 90' lang='lat' dir='ltr'>per</span> <span class='ocrx_word' id='word_1_91' title='bbox 840 816 945 856; x_wconf 89' lang='lat' dir='ltr'>opes</span> <span class='ocrx_word' id='word_1_92' title='bbox 966 800 1044 842; x_wconf 85' lang='lat' dir='ltr'>sibi</span> <span class='ocrx_word' id='word_1_93' title='bbox 1066 815 1091 842; x_wconf 85' lang='lat' dir='ltr'>a</span> <span class='ocrx_word' id='word_1_94' title='bbox 1113 800 1211 841; x_wconf 91' lang='lat' dir='ltr'>Deo</span> <span class='ocrx_word' id='word_1_95' title='bbox 1232 814 1452 841; x_wconf 86' lang='lat' dir='ltr'>concessas</span> <span class='ocrx_word' id='word_1_96' title='bbox 1474 799 1749 841; x_wconf 83' lang='lat' dir='ltr'>effectualiter</span> 
     </span>
     <span class='ocr_line' id='line_1_13' title="bbox 222 856 1746 918; baseline -0.003 -14"><span class='ocrx_word' id='word_1_97' title='bbox 222 863 446 918; x_wconf 86' lang='lat' dir='ltr'>cupiebat3</span> <span class='ocrx_word' id='word_1_98' title='bbox 491 860 662 915; x_wconf 86' lang='lat' dir='ltr'>insuper</span> <span class='ocrx_word' id='word_1_99' title='bbox 712 858 891 914; x_wconf 83' lang='lat' dir='ltr'>plurima</span> <span class='ocrx_word' id='word_1_100' title='bbox 940 867 983 900; x_wconf 90' lang='lat' dir='ltr'>et</span> <span class='ocrx_word' id='word_1_101' title='bbox 1031 857 1255 912; x_wconf 87' lang='lat' dir='ltr'>magnifica</span> <span class='ocrx_word' id='word_1_102' title='bbox 1295 857 1503 899; x_wconf 87' lang='lat' dir='ltr'>beneficia</span> <span class='ocrx_word' id='word_1_103' title='bbox 1543 856 1662 898; x_wconf 88' lang='lat' dir='ltr'>nobis</span> <span class='ocrx_word' id='word_1_104' title='bbox 1703 866 1746 899; x_wconf 89' lang='lat' dir='ltr'>et</span> 
     </span>
     <span class='ocr_line' id='line_1_14' title="bbox 220 915 1743 973; baseline -0.004 -11"><span class='ocrx_word' id='word_1_105' title='bbox 220 921 410 963; x_wconf 83' lang='lat' dir='ltr'>ecclesiae</span> <span class='ocrx_word' id='word_1_106' title='bbox 427 927 584 960; x_wconf 83' lang='lat' dir='ltr'>nostrae</span> <span class='ocrx_word' id='word_1_107' title='bbox 601 917 791 973; x_wconf 84' lang='lat' dir='ltr'>praefatae</span> <span class='ocrx_word' id='word_1_108' title='bbox 807 931 885 972; x_wconf 88' lang='lat' dir='ltr'>per</span> <span class='ocrx_word' id='word_1_109' title='bbox 901 916 1086 957; x_wconf 87' lang='lat' dir='ltr'>eundem</span> <span class='ocrx_word' id='word_1_110' title='bbox 1100 916 1379 957; x_wconf 87' lang='lat' dir='ltr'>reverendum</span> <span class='ocrx_word' id='word_1_111' title='bbox 1399 916 1569 957; x_wconf 86' lang='lat' dir='ltr'>Patrem</span> <span class='ocrx_word' id='word_1_112' title='bbox 1587 915 1743 956; x_wconf 85' lang='lat' dir='ltr'>collata</span> 
     </span>
     <span class='ocr_line' id='line_1_15' title="bbox 219 973 1747 1034; baseline -0.004 -15"><span class='ocrx_word' id='word_1_113' title='bbox 219 978 480 1034; x_wconf 85' lang='lat' dir='ltr'>temporibus</span> <span class='ocrx_word' id='word_1_114' title='bbox 502 976 721 1017; x_wconf 81' lang='lat' dir='ltr'>retroactis</span> <span class='ocrx_word' id='word_1_115' title='bbox 743 975 943 1024; x_wconf 88' lang='lat' dir='ltr'>volentes,</span> <span class='ocrx_word' id='word_1_116' title='bbox 977 973 1085 1015; x_wconf 87' lang='lat' dir='ltr'>sicut</span> <span class='ocrx_word' id='word_1_117' title='bbox 1121 974 1273 1015; x_wconf 90' lang='lat' dir='ltr'>merito</span> <span class='ocrx_word' id='word_1_118' title='bbox 1306 982 1515 1023; x_wconf 86' lang='lat' dir='ltr'>tenemur,</span> <span class='ocrx_word' id='word_1_119' title='bbox 1539 973 1581 1013; x_wconf 94' lang='lat' dir='ltr'>in</span> <span class='ocrx_word' id='word_1_120' title='bbox 1609 973 1747 1014; x_wconf 90' lang='lat' dir='ltr'>lucem</span> 
     </span>
     <span class='ocr_line' id='line_1_16' title="bbox 216 1030 1749 1088; baseline -0.004 -11"><span class='ocrx_word' id='word_1_121' title='bbox 216 1036 445 1085; x_wconf 81' lang='lat' dir='ltr'>deducere,</span> <span class='ocrx_word' id='word_1_122' title='bbox 468 1049 517 1075; x_wconf 85' lang='lat' dir='ltr'>ac</span> <span class='ocrx_word' id='word_1_123' title='bbox 539 1042 755 1088; x_wconf 79' lang='lat' dir='ltr'>perpetuae</span> <span class='ocrx_word' id='word_1_124' title='bbox 776 1033 994 1073; x_wconf 83' lang='lat' dir='ltr'>memoriae</span> <span class='ocrx_word' id='word_1_125' title='bbox 1010 1031 1217 1073; x_wconf 83' lang='lat' dir='ltr'>celebrius</span> <span class='ocrx_word' id='word_1_126' title='bbox 1239 1030 1548 1081; x_wconf 85' lang='lat' dir='ltr'>commendare,</span> <span class='ocrx_word' id='word_1_127' title='bbox 1572 1030 1749 1086; x_wconf 88' lang='lat' dir='ltr'>promit·-</span> 
     </span>
     <span class='ocr_line' id='line_1_17' title="bbox 218 1088 1748 1147; baseline -0.003 -12"><span class='ocrx_word' id='word_1_128' title='bbox 218 1095 345 1136; x_wconf 90' lang='lat' dir='ltr'>timus</span> <span class='ocrx_word' id='word_1_129' title='bbox 365 1093 480 1134; x_wconf 84' lang='lat' dir='ltr'>bona</span> <span class='ocrx_word' id='word_1_130' title='bbox 500 1091 598 1141; x_wconf 90' lang='lat' dir='ltr'>fide,</span> <span class='ocrx_word' id='word_1_131' title='bbox 621 1091 736 1147; x_wconf 88' lang='lat' dir='ltr'>quod</span> <span class='ocrx_word' id='word_1_132' title='bbox 763 1090 1002 1146; x_wconf 83' lang='lat' dir='ltr'>Collegium</span> <span class='ocrx_word' id='word_1_133' title='bbox 1036 1088 1138 1130; x_wconf 88' lang='lat' dir='ltr'>dicti</span> <span class='ocrx_word' id='word_1_134' title='bbox 1170 1088 1344 1129; x_wconf 85' lang='lat' dir='ltr'>Domini</span> <span class='ocrx_word' id='word_1_135' title='bbox 1383 1088 1598 1144; x_wconf 77' lang='lat' dir='ltr'>Episcopi,</span> <span class='ocrx_word' id='word_1_136' title='bbox 1631 1089 1748 1144; x_wconf 88' lang='lat' dir='ltr'>quod</span> 
     </span>
     <span class='ocr_line' id='line_1_18' title="bbox 219 1145 1745 1207; baseline -0.005 -14"><span class='ocrx_word' id='word_1_137' title='bbox 219 1161 268 1194; x_wconf 90' lang='lat' dir='ltr'>ut</span> <span class='ocrx_word' id='word_1_138' title='bbox 295 1150 476 1207; x_wconf 78' lang='lat' dir='ltr'>praefata</span> <span class='ocrx_word' id='word_1_139' title='bbox 497 1149 673 1191; x_wconf 78' lang='lat' dir='ltr'>ecelesia</span> <span class='ocrx_word' id='word_1_140' title='bbox 696 1148 997 1189; x_wconf 86' lang='lat' dir='ltr'>Duuelmensis</span> <span class='ocrx_word' id='word_1_141' title='bbox 1019 1161 1095 1187; x_wconf 84' lang='lat' dir='ltr'>suo</span> <span class='ocrx_word' id='word_1_142' title='bbox 1116 1145 1314 1201; x_wconf 83' lang='lat' dir='ltr'>pastorali</span> <span class='ocrx_word' id='word_1_143' title='bbox 1337 1147 1492 1187; x_wconf 89' lang='lat' dir='ltr'>durans</span> <span class='ocrx_word' id='word_1_144' title='bbox 1523 1146 1745 1187; x_wconf 86' lang='lat' dir='ltr'>commissa</span> 
     </span>
     <span class='ocr_line' id='line_1_19' title="bbox 218 1203 1748 1266; baseline -0.004 -16"><span class='ocrx_word' id='word_1_145' title='bbox 218 1208 412 1266; x_wconf 84' lang='lat' dir='ltr'>regimini</span> <span class='ocrx_word' id='word_1_146' title='bbox 453 1206 738 1262; x_wconf 71' lang='lat' dir='ltr'>spiritual-ibus</span> <span class='ocrx_word' id='word_1_147' title='bbox 780 1204 1045 1246; x_wconf 89' lang='lat' dir='ltr'>vincimentis</span> <span class='ocrx_word' id='word_1_148' title='bbox 1087 1203 1216 1259; x_wconf 87' lang='lat' dir='ltr'>ipsius</span> <span class='ocrx_word' id='word_1_149' title='bbox 1256 1203 1438 1245; x_wconf 86' lang='lat' dir='ltr'>sollicita</span> <span class='ocrx_word' id='word_1_150' title='bbox 1477 1203 1748 1259; x_wconf 83' lang='lat' dir='ltr'>providentia</span> 
     </span>
     <span class='ocr_line' id='line_1_20' title="bbox 218 1261 1746 1322; baseline -0.005 -14"><span class='ocrx_word' id='word_1_151' title='bbox 218 1268 314 1322; x_wconf 88' lang='lat' dir='ltr'>plus</span> <span class='ocrx_word' id='word_1_152' title='bbox 336 1265 459 1307; x_wconf 90' lang='lat' dir='ltr'>solito</span> <span class='ocrx_word' id='word_1_153' title='bbox 481 1264 782 1318; x_wconf 78' lang='lat' dir='ltr'>congauderet,</span> <span class='ocrx_word' id='word_1_154' title='bbox 816 1262 870 1303; x_wconf 89' lang='lat' dir='ltr'>de</span> <span class='ocrx_word' id='word_1_155' title='bbox 892 1277 1100 1303; x_wconf 78' lang='lat' dir='ltr'>consensu</span> <span class='ocrx_word' id='word_1_156' title='bbox 1123 1270 1165 1303; x_wconf 92' lang='lat' dir='ltr'>et</span> <span class='ocrx_word' id='word_1_157' title='bbox 1195 1275 1367 1303; x_wconf 86' lang='lat' dir='ltr'>assensu</span> <span class='ocrx_word' id='word_1_158' title='bbox 1391 1270 1535 1302; x_wconf 88' lang='lat' dir='ltr'>nostro</span> <span class='ocrx_word' id='word_1_159' title='bbox 1557 1261 1746 1302; x_wconf 82' lang='lat' dir='ltr'>unanimi</span> 
     </span>
     <span class='ocr_line' id='line_1_21' title="bbox 220 1319 1743 1379; baseline -0.005 -13"><span class='ocrx_word' id='word_1_160' title='bbox 220 1334 263 1366; x_wconf 91' lang='lat' dir='ltr'>et</span> <span class='ocrx_word' id='word_1_161' title='bbox 284 1337 487 1379; x_wconf 83' lang='lat' dir='ltr'>expresso</span> <span class='ocrx_word' id='word_1_162' title='bbox 507 1321 715 1371; x_wconf 77' lang='lat' dir='ltr'>fundavit,</span> <span class='ocrx_word' id='word_1_163' title='bbox 740 1319 950 1361; x_wconf 85' lang='lat' dir='ltr'>ordinavit</span> <span class='ocrx_word' id='word_1_164' title='bbox 981 1329 1024 1361; x_wconf 90' lang='lat' dir='ltr'>et</span> <span class='ocrx_word' id='word_1_165' title='bbox 1046 1319 1225 1371; x_wconf 84' lang='lat' dir='ltr'>dotavit,</span> <span class='ocrx_word' id='word_1_166' title='bbox 1245 1319 1457 1374; x_wconf 88' lang='lat' dir='ltr'>perpetuis</span> <span class='ocrx_word' id='word_1_167' title='bbox 1480 1319 1743 1374; x_wconf 84' lang='lat' dir='ltr'>temporibus</span> 
     </span>
     <span class='ocr_line' id='line_1_22' title="bbox 215 1377 1745 1431; baseline -0.005 -7"><span class='ocrx_word' id='word_1_168' title='bbox 215 1383 465 1424; x_wconf 88' lang='lat' dir='ltr'>duraturum</span> <span class='ocrx_word' id='word_1_169' title='bbox 487 1380 527 1420; x_wconf 86' lang='lat' dir='ltr'>in</span> <span class='ocrx_word' id='word_1_170' title='bbox 552 1379 765 1420; x_wconf 90' lang='lat' dir='ltr'>territorio</span> <span class='ocrx_word' id='word_1_171' title='bbox 786 1387 932 1419; x_wconf 83' lang='lat' dir='ltr'>nostro</span> <span class='ocrx_word' id='word_1_172' title='bbox 962 1387 1085 1419; x_wconf 83' lang='lat' dir='ltr'>extra</span> <span class='ocrx_word' id='word_1_173' title='bbox 1116 1392 1256 1418; x_wconf 89' lang='lat' dir='ltr'>muros</span> <span class='ocrx_word' id='word_1_174' title='bbox 1280 1377 1467 1419; x_wconf 84' lang='lat' dir='ltr'>Oxoniae</span> <span class='ocrx_word' id='word_1_175' title='bbox 1488 1392 1614 1431; x_wconf 88' lang='lat' dir='ltr'>super</span> <span class='ocrx_word' id='word_1_176' title='bbox 1633 1377 1745 1419; x_wconf 89' lang='lat' dir='ltr'>Can-</span> 
     </span>
     <span class='ocr_line' id='line_1_23' title="bbox 218 1434 1745 1495; baseline -0.005 -14"><span class='ocrx_word' id='word_1_177' title='bbox 218 1440 329 1490; x_wconf 85' lang='lat' dir='ltr'>dich,</span> <span class='ocrx_word' id='word_1_178' title='bbox 353 1439 469 1495; x_wconf 89' lang='lat' dir='ltr'>quod</span> <span class='ocrx_word' id='word_1_179' title='bbox 494 1437 699 1478; x_wconf 86' lang='lat' dir='ltr'>Monachi</span> <span class='ocrx_word' id='word_1_180' title='bbox 722 1437 855 1479; x_wconf 78' lang='lat' dir='ltr'>nostri</span> <span class='ocrx_word' id='word_1_181' title='bbox 877 1435 1096 1477; x_wconf 83' lang='lat' dir='ltr'>studentes</span> <span class='ocrx_word' id='word_1_182' title='bbox 1117 1434 1355 1476; x_wconf 84' lang='lat' dir='ltr'>inhabitant</span> <span class='ocrx_word' id='word_1_183' title='bbox 1377 1444 1419 1476; x_wconf 89' lang='lat' dir='ltr'>et</span> <span class='ocrx_word' id='word_1_184' title='bbox 1453 1434 1745 1475; x_wconf 76' lang='lat' dir='ltr'>inhabitabant</span> 
     </span>
     <span class='ocr_line' id='line_1_24' title="bbox 214 1492 1743 1554; baseline -0.005 -15"><span class='ocrx_word' id='word_1_185' title='bbox 214 1513 291 1554; x_wconf 85' lang='lat' dir='ltr'>per</span> <span class='ocrx_word' id='word_1_186' title='bbox 312 1507 436 1539; x_wconf 87' lang='lat' dir='ltr'>antea</span> <span class='ocrx_word' id='word_1_187' title='bbox 456 1495 597 1536; x_wconf 88' lang='lat' dir='ltr'>multis</span> <span class='ocrx_word' id='word_1_188' title='bbox 618 1494 752 1545; x_wconf 87' lang='lat' dir='ltr'>annis,</span> <span class='ocrx_word' id='word_1_189' title='bbox 786 1509 861 1534; x_wconf 88' lang='lat' dir='ltr'>nos</span> <span class='ocrx_word' id='word_1_190' title='bbox 883 1503 926 1535; x_wconf 90' lang='lat' dir='ltr'>et</span> <span class='ocrx_word' id='word_1_191' title='bbox 957 1508 1216 1534; x_wconf 86' lang='lat' dir='ltr'>successores</span> <span class='ocrx_word' id='word_1_192' title='bbox 1248 1492 1381 1533; x_wconf 86' lang='lat' dir='ltr'>nostri</span> <span class='ocrx_word' id='word_1_193' title='bbox 1417 1492 1743 1541; x_wconf 47' lang='lat' dir='ltr'>manutebimuffi</span> 
     </span>
     <span class='ocr_line' id='line_1_25' title="bbox 216 1549 1744 1608; baseline -0.005 -11"><span class='ocrx_word' id='word_1_194' title='bbox 216 1555 558 1604; x_wconf 85' lang='lat' dir='ltr'>sustentabimuS,</span> <span class='ocrx_word' id='word_1_195' title='bbox 583 1552 869 1602; x_wconf 81' lang='lat' dir='ltr'>defendemus,</span> <span class='ocrx_word' id='word_1_196' title='bbox 893 1560 1100 1608; x_wconf 90' lang='lat' dir='ltr'>quatenus</span> <span class='ocrx_word' id='word_1_197' title='bbox 1137 1550 1177 1591; x_wconf 92' lang='lat' dir='ltr'>in</span> <span class='ocrx_word' id='word_1_198' title='bbox 1211 1550 1332 1591; x_wconf 89' lang='lat' dir='ltr'>nobis</span> <span class='ocrx_word' id='word_1_199' title='bbox 1362 1549 1503 1600; x_wconf 87' lang='lat' dir='ltr'>fuerit,</span> <span class='ocrx_word' id='word_1_200' title='bbox 1529 1549 1571 1590; x_wconf 87' lang='lat' dir='ltr'>in</span> <span class='ocrx_word' id='word_1_201' title='bbox 1593 1564 1744 1604; x_wconf 89' lang='lat' dir='ltr'>perpe-</span> 
     </span>
     <span class='ocr_line' id='line_1_26' title="bbox 220 1607 1742 1664; baseline -0.005 -9"><span class='ocrx_word' id='word_1_202' title='bbox 220 1623 353 1664; x_wconf 86' lang='lat' dir='ltr'>tuum,</span> <span class='ocrx_word' id='word_1_203' title='bbox 378 1612 611 1654; x_wconf 82' lang='lat' dir='ltr'>secundum</span> <span class='ocrx_word' id='word_1_204' title='bbox 636 1611 717 1651; x_wconf 88' lang='lat' dir='ltr'>vim</span> <span class='ocrx_word' id='word_1_205' title='bbox 741 1618 784 1651; x_wconf 89' lang='lat' dir='ltr'>et</span> <span class='ocrx_word' id='word_1_206' title='bbox 806 1609 984 1651; x_wconf 86' lang='lat' dir='ltr'>formam</span> <span class='ocrx_word' id='word_1_207' title='bbox 1007 1608 1180 1650; x_wconf 84' lang='lat' dir='ltr'>inferius</span> <span class='ocrx_word' id='word_1_208' title='bbox 1201 1608 1439 1658; x_wconf 86' lang='lat' dir='ltr'>limitatam,</span> <span class='ocrx_word' id='word_1_209' title='bbox 1458 1607 1614 1649; x_wconf 84' lang='lat' dir='ltr'>scilicet</span> <span class='ocrx_word' id='word_1_210' title='bbox 1628 1607 1742 1662; x_wconf 89' lang='lat' dir='ltr'>quod</span> 
     </span>
     <span class='ocr_line' id='line_1_27' title="bbox 221 1664 1741 1727; baseline -0.005 -14"><span class='ocrx_word' id='word_1_211' title='bbox 221 1673 262 1713; x_wconf 87' lang='lat' dir='ltr'>in</span> <span class='ocrx_word' id='word_1_212' title='bbox 286 1670 467 1727; x_wconf 81' lang='lat' dir='ltr'>praefato</span> <span class='ocrx_word' id='word_1_213' title='bbox 482 1668 676 1724; x_wconf 86' lang='lat' dir='ltr'>Collegio</span> <span class='ocrx_word' id='word_1_214' title='bbox 697 1676 824 1710; x_wconf 88' lang='lat' dir='ltr'>erunt</span> <span class='ocrx_word' id='word_1_215' title='bbox 844 1681 926 1708; x_wconf 84' lang='lat' dir='ltr'>vm</span> <span class='ocrx_word' id='word_1_216' title='bbox 952 1666 1155 1708; x_wconf 83' lang='lat' dir='ltr'>Monaehi</span> <span class='ocrx_word' id='word_1_217' title='bbox 1178 1665 1489 1707; x_wconf 78' lang='lat' dir='ltr'>Dunelxnenses</span> <span class='ocrx_word' id='word_1_218' title='bbox 1511 1664 1741 1715; x_wconf 81' lang='lat' dir='ltr'>studentes,</span> 
     </span>
     <span class='ocr_line' id='line_1_28' title="bbox 218 1721 1742 1787; baseline -0.006 -16"><span class='ocrx_word' id='word_1_219' title='bbox 218 1732 291 1787; x_wconf 89' lang='lat' dir='ltr'>qui</span> <span class='ocrx_word' id='word_1_220' title='bbox 314 1743 395 1770; x_wconf 85' lang='lat' dir='ltr'>vm</span> <span class='ocrx_word' id='word_1_221' title='bbox 418 1727 637 1769; x_wconf 89' lang='lat' dir='ltr'>studentos</span> <span class='ocrx_word' id='word_1_222' title='bbox 656 1726 866 1783; x_wconf 80' lang='lat' dir='ltr'>eligentur</span> <span class='ocrx_word' id='word_1_223' title='bbox 888 1733 932 1766; x_wconf 92' lang='lat' dir='ltr'>et</span> <span class='ocrx_word' id='word_1_224' title='bbox 953 1724 1290 1766; x_wconf 84' lang='lat' dir='ltr'>transmittentur</span> <span class='ocrx_word' id='word_1_225' title='bbox 1306 1723 1358 1764; x_wconf 88' lang='lat' dir='ltr'>ad</span> <span class='ocrx_word' id='word_1_226' title='bbox 1374 1723 1533 1765; x_wconf 88' lang='lat' dir='ltr'>dictum</span> <span class='ocrx_word' id='word_1_227' title='bbox 1556 1721 1742 1764; x_wconf 85' lang='lat' dir='ltr'>studium</span> 
     </span>
     <span class='ocr_line' id='line_1_29' title="bbox 217 1780 1743 1843; baseline -0.006 -14"><span class='ocrx_word' id='word_1_228' title='bbox 217 1803 294 1843; x_wconf 86' lang='lat' dir='ltr'>per</span> <span class='ocrx_word' id='word_1_229' title='bbox 315 1786 538 1843; x_wconf 72' lang='lat' dir='ltr'>praefatum</span> <span class='ocrx_word' id='word_1_230' title='bbox 563 1785 808 1839; x_wconf 86' lang='lat' dir='ltr'>Capitulum</span> <span class='ocrx_word' id='word_1_231' title='bbox 828 1783 1122 1825; x_wconf 87' lang='lat' dir='ltr'>Dunelmense</span> <span class='ocrx_word' id='word_1_232' title='bbox 1142 1781 1374 1823; x_wconf 85' lang='lat' dir='ltr'>secundum</span> <span class='ocrx_word' id='word_1_233' title='bbox 1397 1781 1479 1822; x_wconf 91' lang='lat' dir='ltr'>vim</span> <span class='ocrx_word' id='word_1_234' title='bbox 1503 1790 1544 1822; x_wconf 92' lang='lat' dir='ltr'>et</span> <span class='ocrx_word' id='word_1_235' title='bbox 1564 1780 1743 1821; x_wconf 86' lang='lat' dir='ltr'>formam</span> 
     </span>
     <span class='ocr_line' id='line_1_30' title="bbox 217 1838 1745 1894; baseline -0.005 -8"><span class='ocrx_word' id='word_1_236' title='bbox 217 1847 259 1886; x_wconf 89' lang='lat' dir='ltr'>in</span> <span class='ocrx_word' id='word_1_237' title='bbox 281 1843 652 1886; x_wconf 87' lang='lat' dir='ltr'>constitutionibus</span> <span class='ocrx_word' id='word_1_238' title='bbox 678 1840 1055 1883; x_wconf 84' lang='lat' dir='ltr'>Benedictinorum</span> <span class='ocrx_word' id='word_1_239' title='bbox 1077 1840 1130 1880; x_wconf 88' lang='lat' dir='ltr'>de</span> <span class='ocrx_word' id='word_1_240' title='bbox 1156 1839 1422 1880; x_wconf 81' lang='lat' dir='ltr'>studentibus</span> <span class='ocrx_word' id='word_1_241' title='bbox 1444 1839 1498 1879; x_wconf 86' lang='lat' dir='ltr'>ad</span> <span class='ocrx_word' id='word_1_242' title='bbox 1529 1838 1745 1894; x_wconf 80' lang='lat' dir='ltr'>generalia</span> 
     </span>
     <span class='ocr_line' id='line_1_31' title="bbox 219 1895 1742 1953; baseline -0.006 -9"><span class='ocrx_word' id='word_1_243' title='bbox 219 1903 360 1944; x_wconf 83' lang='lat' dir='ltr'>studia</span> <span class='ocrx_word' id='word_1_244' title='bbox 395 1899 729 1943; x_wconf 84' lang='lat' dir='ltr'>transmittendis</span> <span class='ocrx_word' id='word_1_245' title='bbox 768 1897 944 1953; x_wconf 89' lang='lat' dir='ltr'>provide</span> <span class='ocrx_word' id='word_1_246' title='bbox 984 1896 1236 1945; x_wconf 88' lang='lat' dir='ltr'>ordinatam,</span> <span class='ocrx_word' id='word_1_247' title='bbox 1271 1903 1318 1936; x_wconf 89' lang='lat' dir='ltr'>ut</span> <span class='ocrx_word' id='word_1_248' title='bbox 1354 1895 1642 1950; x_wconf 72' lang='lat' dir='ltr'>Philosophiae</span> <span class='ocrx_word' id='word_1_249' title='bbox 1676 1896 1742 1935; x_wconf 84' lang='lat' dir='ltr'>vel</span> 
     </span>
     <span class='ocr_line' id='line_1_32' title="bbox 216 1952 1739 2016; baseline -0.005 -15"><span class='ocrx_word' id='word_1_250' title='bbox 216 1961 258 2001; x_wconf 88' lang='lat' dir='ltr'>T</span> <span class='ocrx_word' id='word_1_251' title='bbox 262 1959 470 2016; x_wconf 85' lang='lat' dir='ltr'>heologiae</span> <span class='ocrx_word' id='word_1_252' title='bbox 492 1958 703 1998; x_wconf 83' lang='lat' dir='ltr'>duntaxat</span> <span class='ocrx_word' id='word_1_253' title='bbox 721 1966 884 2004; x_wconf 86' lang='lat' dir='ltr'>vacent,</span> <span class='ocrx_word' id='word_1_254' title='bbox 904 1953 1191 2009; x_wconf 85' lang='lat' dir='ltr'>principaliter</span> <span class='ocrx_word' id='word_1_255' title='bbox 1207 1961 1249 1994; x_wconf 90' lang='lat' dir='ltr'>et</span> <span class='ocrx_word' id='word_1_256' title='bbox 1263 1953 1501 1994; x_wconf 87' lang='lat' dir='ltr'>intendant.</span> <span class='ocrx_word' id='word_1_257' title='bbox 1553 1953 1623 1994; x_wconf 90' lang='lat' dir='ltr'>De</span> <span class='ocrx_word' id='word_1_258' title='bbox 1646 1952 1739 2009; x_wconf 87' lang='lat' dir='ltr'>qui-</span> 
     </span>
     <span class='ocr_line' id='line_1_33' title="bbox 217 2011 1738 2060; baseline -0.006 0"><span class='ocrx_word' id='word_1_259' title='bbox 217 2019 298 2060; x_wconf 90' lang='lat' dir='ltr'>bus</span> <span class='ocrx_word' id='word_1_260' title='bbox 329 2030 411 2059; x_wconf 80' lang='lat' dir='ltr'>v111</span> <span class='ocrx_word' id='word_1_261' title='bbox 435 2014 701 2057; x_wconf 86' lang='lat' dir='ltr'>studentibus</span> <span class='ocrx_word' id='word_1_262' title='bbox 726 2013 848 2054; x_wconf 85' lang='lat' dir='ltr'>Prior</span> <span class='ocrx_word' id='word_1_263' title='bbox 870 2011 1168 2053; x_wconf 75' lang='lat' dir='ltr'>Dunelniensis</span> <span class='ocrx_word' id='word_1_264' title='bbox 1195 2011 1248 2052; x_wconf 91' lang='lat' dir='ltr'>de</span> <span class='ocrx_word' id='word_1_265' title='bbox 1267 2025 1476 2052; x_wconf 88' lang='lat' dir='ltr'>consensu</span> <span class='ocrx_word' id='word_1_266' title='bbox 1500 2019 1543 2052; x_wconf 90' lang='lat' dir='ltr'>et</span> <span class='ocrx_word' id='word_1_267' title='bbox 1566 2025 1738 2051; x_wconf 75' lang='lat' dir='ltr'>assensu</span> 
     </span>
     <span class='ocr_line' id='line_1_34' title="bbox 215 2067 1742 2124; baseline -0.006 -7"><span class='ocrx_word' id='word_1_268' title='bbox 215 2077 429 2117; x_wconf 85' lang='lat' dir='ltr'>seniorum</span> <span class='ocrx_word' id='word_1_269' title='bbox 448 2087 579 2114; x_wconf 91' lang='lat' dir='ltr'>unum</span> <span class='ocrx_word' id='word_1_270' title='bbox 594 2070 828 2112; x_wconf 88' lang='lat' dir='ltr'>eorundem</span> <span class='ocrx_word' id='word_1_271' title='bbox 846 2070 887 2110; x_wconf 90' lang='lat' dir='ltr'>in</span> <span class='ocrx_word' id='word_1_272' title='bbox 904 2069 1090 2111; x_wconf 89' lang='lat' dir='ltr'>Priorem</span> <span class='ocrx_word' id='word_1_273' title='bbox 1107 2068 1310 2124; x_wconf 84' lang='lat' dir='ltr'>praeficiet</span> <span class='ocrx_word' id='word_1_274' title='bbox 1327 2069 1394 2109; x_wconf 80' lang='lat' dir='ltr'>vel</span> <span class='ocrx_word' id='word_1_275' title='bbox 1413 2067 1742 2118; x_wconf 84' lang='lat' dir='ltr'>Custodem,cui</span> 
     </span>
     <span class='ocr_line' id='line_1_35' title="bbox 216 2124 1740 2182; baseline -0.006 -7"><span class='ocrx_word' id='word_1_276' title='bbox 216 2133 362 2175; x_wconf 78' lang='lat' dir='ltr'>caeteri</span> <span class='ocrx_word' id='word_1_277' title='bbox 380 2130 600 2172; x_wconf 85' lang='lat' dir='ltr'>intendant</span> <span class='ocrx_word' id='word_1_278' title='bbox 622 2129 663 2170; x_wconf 89' lang='lat' dir='ltr'>in</span> <span class='ocrx_word' id='word_1_279' title='bbox 681 2127 891 2170; x_wconf 84' lang='lat' dir='ltr'>canonicis</span> <span class='ocrx_word' id='word_1_280' title='bbox 913 2136 956 2168; x_wconf 92' lang='lat' dir='ltr'>et</span> <span class='ocrx_word' id='word_1_281' title='bbox 977 2126 1239 2181; x_wconf 84' lang='lat' dir='ltr'>regularibus</span> <span class='ocrx_word' id='word_1_282' title='bbox 1262 2125 1488 2175; x_wconf 84' lang='lat' dir='ltr'>institutis3</span> <span class='ocrx_word' id='word_1_283' title='bbox 1520 2124 1592 2182; x_wconf 89' lang='lat' dir='ltr'>qui</span> <span class='ocrx_word' id='word_1_284' title='bbox 1617 2125 1740 2166; x_wconf 89' lang='lat' dir='ltr'>Prior</span> 
     </span>
     <span class='ocr_line' id='line_1_36' title="bbox 216 2183 1742 2244; baseline -0.005 -13"><span class='ocrx_word' id='word_1_285' title='bbox 216 2191 282 2233; x_wconf 90' lang='lat' dir='ltr'>vel</span> <span class='ocrx_word' id='word_1_286' title='bbox 297 2191 463 2239; x_wconf 79' lang='lat' dir='ltr'>Custos,</span> <span class='ocrx_word' id='word_1_287' title='bbox 479 2186 725 2244; x_wconf 87' lang='lat' dir='ltr'>septimanis</span> <span class='ocrx_word' id='word_1_288' title='bbox 739 2185 913 2242; x_wconf 84' lang='lat' dir='ltr'>singulis</span> <span class='ocrx_word' id='word_1_289' title='bbox 926 2185 1090 2235; x_wconf 88' lang='lat' dir='ltr'>saltem,</span> <span class='ocrx_word' id='word_1_290' title='bbox 1105 2183 1291 2225; x_wconf 89' lang='lat' dir='ltr'>seniores</span> <span class='ocrx_word' id='word_1_291' title='bbox 1304 2198 1451 2225; x_wconf 88' lang='lat' dir='ltr'>omnes</span> <span class='ocrx_word' id='word_1_292' title='bbox 1466 2192 1508 2225; x_wconf 85' lang='lat' dir='ltr'>et</span> <span class='ocrx_word' id='word_1_293' title='bbox 1523 2183 1625 2225; x_wconf 78' lang='lat' dir='ltr'>alios</span> <span class='ocrx_word' id='word_1_294' title='bbox 1639 2198 1742 2224; x_wconf 92' lang='lat' dir='ltr'>con-</span> 
     </span>
     <span class='ocr_line' id='line_1_37' title="bbox 217 2241 1741 2296; baseline -0.006 -6"><span class='ocrx_word' id='word_1_295' title='bbox 217 2250 366 2291; x_wconf 84' lang='lat' dir='ltr'>fratres</span> <span class='ocrx_word' id='word_1_296' title='bbox 387 2246 603 2287; x_wconf 87' lang='lat' dir='ltr'>studentes</span> <span class='ocrx_word' id='word_1_297' title='bbox 624 2259 860 2286; x_wconf 87' lang='lat' dir='ltr'>convocare</span> <span class='ocrx_word' id='word_1_298' title='bbox 893 2242 1107 2284; x_wconf 87' lang='lat' dir='ltr'>tenebitur</span> <span class='ocrx_word' id='word_1_299' title='bbox 1138 2242 1191 2283; x_wconf 91' lang='lat' dir='ltr'>ad</span> <span class='ocrx_word' id='word_1_300' title='bbox 1223 2242 1362 2282; x_wconf 89' lang='lat' dir='ltr'>locum</span> <span class='ocrx_word' id='word_1_301' title='bbox 1385 2251 1527 2296; x_wconf 89' lang='lat' dir='ltr'>aptum</span> <span class='ocrx_word' id='word_1_302' title='bbox 1551 2255 1628 2296; x_wconf 90' lang='lat' dir='ltr'>pro</span> <span class='ocrx_word' id='word_1_303' title='bbox 1660 2241 1741 2281; x_wconf 89' lang='lat' dir='ltr'>hoc</span> 
     </span>
     <span class='ocr_line' id='line_1_38' title="bbox 215 2298 1742 2358; baseline -0.007 -10"><span class='ocrx_word' id='word_1_304' title='bbox 215 2305 486 2349; x_wconf 78' lang='lat' dir='ltr'>celebrando,</span> <span class='ocrx_word' id='word_1_305' title='bbox 564 2302 653 2344; x_wconf 90' lang='lat' dir='ltr'>Ubi</span> <span class='ocrx_word' id='word_1_306' title='bbox 684 2315 977 2358; x_wconf 89' lang='lat' dir='ltr'>quemcunque</span> <span class='ocrx_word' id='word_1_307' title='bbox 1018 2314 1163 2341; x_wconf 91' lang='lat' dir='ltr'>eorum</span> <span class='ocrx_word' id='word_1_308' title='bbox 1210 2299 1416 2354; x_wconf 86' lang='lat' dir='ltr'>repererit</span> <span class='ocrx_word' id='word_1_309' title='bbox 1455 2298 1742 2353; x_wconf 85' lang='lat' dir='ltr'>negligentem</span> 
     </span>
     <span class='ocr_line' id='line_1_39' title="bbox 214 2355 1741 2416; baseline -0.007 -10"><span class='ocrx_word' id='word_1_310' title='bbox 214 2366 327 2406; x_wconf 87' lang='lat' dir='ltr'>eirca</span> <span class='ocrx_word' id='word_1_311' title='bbox 350 2363 502 2405; x_wconf 82' lang='lat' dir='ltr'>Missas</span> <span class='ocrx_word' id='word_1_312' title='bbox 524 2375 601 2416; x_wconf 89' lang='lat' dir='ltr'>pro</span> <span class='ocrx_word' id='word_1_313' title='bbox 630 2360 747 2401; x_wconf 89' lang='lat' dir='ltr'>dicto</span> <span class='ocrx_word' id='word_1_314' title='bbox 779 2358 1023 2400; x_wconf 89' lang='lat' dir='ltr'>venerando</span> <span class='ocrx_word' id='word_1_315' title='bbox 1060 2366 1177 2412; x_wconf 87' lang='lat' dir='ltr'>patre</span> <span class='ocrx_word' id='word_1_316' title='bbox 1215 2356 1440 2397; x_wconf 81' lang='lat' dir='ltr'>fundatore</span> <span class='ocrx_word' id='word_1_317' title='bbox 1462 2365 1506 2397; x_wconf 89' lang='lat' dir='ltr'>et</span> <span class='ocrx_word' id='word_1_318' title='bbox 1547 2355 1741 2397; x_wconf 87' lang='lat' dir='ltr'>omnibus</span> 
     </span>
     <span class='ocr_line' id='line_1_40' title="bbox 215 2412 1740 2469; baseline -0.007 -6"><span class='ocrx_word' id='word_1_319' title='bbox 215 2422 410 2464; x_wconf 86' lang='lat' dir='ltr'>fidelibus</span> <span class='ocrx_word' id='word_1_320' title='bbox 432 2419 720 2468; x_wconf 87' lang='lat' dir='ltr'>celebrandas,</span> <span class='ocrx_word' id='word_1_321' title='bbox 751 2416 816 2458; x_wconf 90' lang='lat' dir='ltr'>vel</span> <span class='ocrx_word' id='word_1_322' title='bbox 837 2416 918 2457; x_wconf 85' lang='lat' dir='ltr'>alia</span> <span class='ocrx_word' id='word_1_323' title='bbox 938 2415 1083 2469; x_wconf 74' lang='lat' dir='ltr'>divina</span> <span class='ocrx_word' id='word_1_324' title='bbox 1104 2414 1240 2455; x_wconf 86' lang='lat' dir='ltr'>officia</span> <span class='ocrx_word' id='word_1_325' title='bbox 1256 2413 1563 2469; x_wconf 86' lang='lat' dir='ltr'>perimplenda,</span> <span class='ocrx_word' id='word_1_326' title='bbox 1587 2428 1659 2454; x_wconf 90' lang='lat' dir='ltr'>seu</span> <span class='ocrx_word' id='word_1_327' title='bbox 1698 2412 1740 2453; x_wconf 92' lang='lat' dir='ltr'>in</span> 
     </span>
     <span class='ocr_line' id='line_1_41' title="bbox 212 2469 1743 2530; baseline -0.006 -9"><span class='ocrx_word' id='word_1_328' title='bbox 212 2478 491 2522; x_wconf 83' lang='lat' dir='ltr'>observantiis</span> <span class='ocrx_word' id='word_1_329' title='bbox 512 2475 774 2530; x_wconf 82' lang='lat' dir='ltr'>regularibus</span> <span class='ocrx_word' id='word_1_330' title='bbox 795 2484 839 2515; x_wconf 90' lang='lat' dir='ltr'>et</span> <span class='ocrx_word' id='word_1_331' title='bbox 861 2472 1056 2523; x_wconf 76' lang='lat' dir='ltr'>statutis,</span> <span class='ocrx_word' id='word_1_332' title='bbox 1092 2471 1155 2513; x_wconf 91' lang='lat' dir='ltr'>vel</span> <span class='ocrx_word' id='word_1_333' title='bbox 1180 2486 1264 2512; x_wconf 91' lang='lat' dir='ltr'>non</span> <span class='ocrx_word' id='word_1_334' title='bbox 1287 2478 1504 2512; x_wconf 83' lang='lat' dir='ltr'>vacantem</span> <span class='ocrx_word' id='word_1_335' title='bbox 1538 2469 1743 2512; x_wconf 86' lang='lat' dir='ltr'>doetrinae</span> 
     </span>
     <span class='ocr_line' id='line_1_42' title="bbox 216 2528 1742 2590; baseline -0.007 -11"><span class='ocrx_word' id='word_1_336' title='bbox 216 2536 479 2580; x_wconf 77' lang='lat' dir='ltr'>scholasticae</span> <span class='ocrx_word' id='word_1_337' title='bbox 526 2535 594 2590; x_wconf 92' lang='lat' dir='ltr'>(ut</span> <span class='ocrx_word' id='word_1_338' title='bbox 635 2532 831 2587; x_wconf 85' lang='lat' dir='ltr'>deberet)</span> <span class='ocrx_word' id='word_1_339' title='bbox 888 2530 1094 2584; x_wconf 86' lang='lat' dir='ltr'>castigare</span> <span class='ocrx_word' id='word_1_340' title='bbox 1135 2528 1277 2570; x_wconf 83' lang='lat' dir='ltr'>debite</span> <span class='ocrx_word' id='word_1_341' title='bbox 1314 2537 1358 2570; x_wconf 90' lang='lat' dir='ltr'>et</span> <span class='ocrx_word' id='word_1_342' title='bbox 1397 2529 1637 2578; x_wconf 86' lang='lat' dir='ltr'>emendare,</span> <span class='ocrx_word' id='word_1_343' title='bbox 1675 2528 1742 2568; x_wconf 86' lang='lat' dir='ltr'>vel</span> 
     </span>
     <span class='ocr_line' id='line_1_43' title="bbox 216 2585 1742 2644; baseline -0.007 -8"><span class='ocrx_word' id='word_1_344' title='bbox 216 2594 405 2637; x_wconf 90' lang='lat' dir='ltr'>Domino</span> <span class='ocrx_word' id='word_1_345' title='bbox 430 2591 566 2634; x_wconf 82' lang='lat' dir='ltr'>Priori</span> <span class='ocrx_word' id='word_1_346' title='bbox 589 2599 633 2632; x_wconf 90' lang='lat' dir='ltr'>et</span> <span class='ocrx_word' id='word_1_347' title='bbox 669 2589 869 2644; x_wconf 85' lang='lat' dir='ltr'>Capitulo</span> <span class='ocrx_word' id='word_1_348' title='bbox 893 2586 1172 2629; x_wconf 89' lang='lat' dir='ltr'>Duuelmensi</span> <span class='ocrx_word' id='word_1_349' title='bbox 1202 2585 1455 2627; x_wconf 88' lang='lat' dir='ltr'>denunciare</span> <span class='ocrx_word' id='word_1_350' title='bbox 1486 2585 1674 2634; x_wconf 86' lang='lat' dir='ltr'>indilate,</span> <span class='ocrx_word' id='word_1_351' title='bbox 1708 2585 1742 2624; x_wconf 87' lang='lat' dir='ltr'>si</span> 
     </span>
     <span class='ocr_line' id='line_1_44' title="bbox 213 2641 1741 2710; baseline -0.008 -16"><span class='ocrx_word' id='word_1_352' title='bbox 213 2653 399 2710; x_wconf 87' lang='lat' dir='ltr'>quidem,</span> <span class='ocrx_word' id='word_1_353' title='bbox 432 2649 547 2706; x_wconf 90' lang='lat' dir='ltr'>quod</span> <span class='ocrx_word' id='word_1_354' title='bbox 578 2649 702 2698; x_wconf 83' lang='lat' dir='ltr'>absit,</span> <span class='ocrx_word' id='word_1_355' title='bbox 727 2646 1056 2700; x_wconf 84' lang='lat' dir='ltr'>incorrIgibilem</span> <span class='ocrx_word' id='word_1_356' title='bbox 1077 2643 1269 2694; x_wconf 89' lang='lat' dir='ltr'>senserit,</span> <span class='ocrx_word' id='word_1_357' title='bbox 1286 2643 1353 2684; x_wconf 90' lang='lat' dir='ltr'>vel</span> <span class='ocrx_word' id='word_1_358' title='bbox 1372 2643 1587 2684; x_wconf 86' lang='lat' dir='ltr'>rebellem.</span> <span class='ocrx_word' id='word_1_359' title='bbox 1652 2641 1741 2696; x_wconf 90' lang='lat' dir='ltr'>Ipsi</span> 
     </span>
     <span class='ocr_line' id='line_1_45' title="bbox 214 2699 1736 2755; baseline -0.009 -3"><span class='ocrx_word' id='word_1_360' title='bbox 214 2711 340 2752; x_wconf 81' lang='lat' dir='ltr'>etiam</span> <span class='ocrx_word' id='word_1_361' title='bbox 382 2722 478 2750; x_wconf 82' lang='lat' dir='ltr'>vul,</span> <span class='ocrx_word' id='word_1_362' title='bbox 524 2705 753 2747; x_wconf 88' lang='lat' dir='ltr'>Studentes</span> <span class='ocrx_word' id='word_1_363' title='bbox 795 2704 918 2744; x_wconf 77' lang='lat' dir='ltr'>simul</span> <span class='ocrx_word' id='word_1_364' title='bbox 956 2712 1083 2744; x_wconf 90' lang='lat' dir='ltr'>erunt</span> <span class='ocrx_word' id='word_1_365' title='bbox 1124 2700 1456 2748; x_wconf 85' lang='lat' dir='ltr'>commensales3</span> <span class='ocrx_word' id='word_1_366' title='bbox 1497 2699 1570 2755; x_wconf 91' lang='lat' dir='ltr'>qui</span> <span class='ocrx_word' id='word_1_367' title='bbox 1610 2699 1736 2741; x_wconf 88' lang='lat' dir='ltr'>etiam</span> 
     </span>
     <span class='ocr_line' id='line_1_46' title="bbox 213 2757 1739 2815; baseline -0.008 -6"><span class='ocrx_word' id='word_1_368' title='bbox 213 2767 429 2810; x_wconf 84' lang='lat' dir='ltr'>studentes</span> <span class='ocrx_word' id='word_1_369' title='bbox 452 2763 646 2805; x_wconf 88' lang='lat' dir='ltr'>omnibus</span> <span class='ocrx_word' id='word_1_370' title='bbox 668 2762 814 2803; x_wconf 88' lang='lat' dir='ltr'>diebus</span> <span class='ocrx_word' id='word_1_371' title='bbox 838 2760 1033 2815; x_wconf 82' lang='lat' dir='ltr'>profestis</span> <span class='ocrx_word' id='word_1_372' title='bbox 1056 2759 1120 2801; x_wconf 90' lang='lat' dir='ltr'>vel</span> <span class='ocrx_word' id='word_1_373' title='bbox 1154 2773 1300 2800; x_wconf 90' lang='lat' dir='ltr'>omnes</span> <span class='ocrx_word' id='word_1_374' title='bbox 1329 2757 1395 2799; x_wconf 87' lang='lat' dir='ltr'>vel</span> <span class='ocrx_word' id='word_1_375' title='bbox 1418 2757 1471 2799; x_wconf 89' lang='lat' dir='ltr'>ad</span> <span class='ocrx_word' id='word_1_376' title='bbox 1493 2758 1631 2799; x_wconf 88' lang='lat' dir='ltr'>minus</span> <span class='ocrx_word' id='word_1_377' title='bbox 1654 2757 1739 2797; x_wconf 87' lang='lat' dir='ltr'>duo</span> 
     </span>
    </p>
   </div>
  </div>
 </body>
</html>
