1807 2962
518 68 799 105 APPEme.
827 71 946 104 ANN.
979 70 1231 104 MchxIV.
1570 59 1612 107 lv

75 174 131 221 de
154 175 402 235 Tyneniuth
424 187 467 221 et
489 177 752 234 pertinentiis
774 178 878 233 ejus,
902 178 1021 233 cujus
1039 178 1159 220 nobis
1176 186 1220 219 et
1238 180 1469 220 venerabili
1488 181 1607 223 fratri

74 247 221 278 nostro
248 238 439 280 Roberto
464 236 742 279 Eboracensis
764 236 953 278 ecclesiae
976 237 1169 286 Decano,
1193 236 1246 277 de
1268 236 1471 278 mandato
1492 254 1606 279 suin-

72 295 130 336 mi
169 295 392 337 pontificis
415 295 654 337 Alexandri
675 294 807 345 tercii,
832 293 1019 348 cognitio
1041 294 1121 335 fuit
1144 302 1186 335 et
1207 293 1368 335 decisio
1391 294 1601 350 delegata,

71 353 150 393 sub
184 353 264 395 hac
291 354 442 404 forma,
466 362 525 402 ut,
549 353 582 393 si
605 363 689 394 tres
711 352 914 393 interesse
936 367 1022 392 non
1045 367 1277 406 possemUS,
1302 352 1388 393 duo
1411 363 1605 394 nostrum

69 409 112 450 in
147 412 298 452 eadem
334 426 461 453 causa
495 411 792 465 procederent,
825 410 906 450 hoc
938 418 1084 450 tenore
1105 418 1150 450 et
1172 409 1322 451 ordine
1344 409 1604 465 conquievit.

70 467 282 510 Videlicet
314 469 429 524 quod
461 478 545 510 tam
581 466 830 508 venerabilis
863 475 986 522 pater
1017 476 1162 508 noster
1185 467 1335 523 Hugo,
1362 467 1446 508 Dei
1466 469 1604 523 gratia

70 524 370 568 Dunelmensis
402 527 640 581 episcopus,
679 540 805 581 quam
836 522 1101 579 supradictus
1137 525 1260 566 Prior
1281 535 1323 566 et
1348 534 1461 566 totus
1487 525 1602 567 Con-

68 593 218 624 ventus
252 584 443 638 ejusdem
479 583 680 633 ecclesiae,
714 582 777 623 liti
801 582 1058 637 praescriptae
1081 590 1122 623 et
1145 582 1385 638 repiticioni
1407 582 1598 624 ecelesiae

68 640 123 681 de
161 641 409 697 Tynemuth
442 650 484 683 et
514 642 568 682 ad
591 656 684 682 eam
707 640 1018 695 pertinencium
1045 639 1087 680 in
1109 649 1360 695 perpetuum
1383 640 1601 682 renuntia-

68 706 182 747 runt,
215 709 259 740 et
290 699 423 753 ipsam
456 699 674 740 ecclesiam
697 710 793 739 cum
816 698 1016 739 universis
1038 698 1304 753 pertinentiis
1328 698 1411 739 suis
1434 713 1600 739 monas-

68 755 176 796 terio
200 757 345 798 Sancti
369 756 525 798 Albani
542 756 704 811 scriptis
727 755 813 797 suis
834 756 1057 797 autenticis
1080 757 1396 797 confirmarunt.
1451 756 1598 797 Abbas

68 827 173 854 vero
208 822 252 854 et
285 814 439 855 fratres
478 814 625 856 Sancti
658 814 829 863 Albani,
854 828 930 868 pro
953 815 1068 854 bono
1090 815 1203 868 pacis
1226 823 1268 855 et
1289 813 1599 868 praenominata

64 872 404 922 renunciacione,
443 880 739 913 concesserunt
771 870 963 912 ecclesiae
996 871 1280 912 Dunelmensi
1302 872 1523 913 ecclesiam
1542 872 1596 913 dc

71 928 259 979 Biwella‚
284 931 400 971 salvo
415 930 514 984 jure
538 929 772 971 salamonis
795 929 1031 983 presbiteri,
1055 930 1197 985 quoad
1214 928 1382 979 vixerit,
1403 939 1445 970 et
1463 928 1600 970 eccle-0

66 986 172 1027 siam
207 987 260 1027 de
298 987 654 1040 Eduluingeham,
689 987 806 1028 salvo
839 996 1084 1028 tenemento
1109 987 1219 1028 Adae
1242 988 1296 1028 de
1322 987 1528 1037 Dumbar,
1554 997 1598 1028 et

66 1052 164 1098 post
195 1059 292 1085 eurn
327 1045 516 1099 Englerii
547 1044 703 1093 clerici,
730 1046 826 1099 jure
848 1054 1061 1099 perpetuo
1084 1044 1370 1099 possidendaS.
1435 1045 1597 1086 Instru-

65 1108 211 1142 menta
241 1111 383 1143 autem
415 1103 567 1158 quibus
601 1101 899 1143 Dunelniensis
921 1102 1097 1143 ecclesia
1119 1103 1180 1143 uti
1203 1111 1373 1158 poterat
1394 1103 1596 1144 adversus

65 1159 367 1200 monasterium
393 1161 539 1201 Sancti
563 1159 732 1209 Albani,
756 1160 809 1200 ad
831 1159 1104 1214 repetendam
1129 1160 1348 1200 ecclesiam
1372 1160 1425 1201 de
1451 1160 1598 1216 Tynea

65 1216 201 1266 muth,
246 1216 369 1257 Prior
408 1217 707 1258 Dunehnensis
740 1217 782 1257 in
813 1231 959 1257 manus
991 1225 1152 1257 nostras
1174 1217 1416 1273 resignavit,
1441 1227 1598 1272 praeter

66 1289 117 1314 ea
138 1273 179 1313 in
200 1274 351 1330 quibus
373 1275 550 1315 ecclesia
569 1276 624 1315 de
647 1274 897 1330 Tynemuth
919 1290 1016 1315 cum
1038 1274 1126 1315 aliis
1149 1275 1480 1329 possessionibus
1505 1275 1598 1315 Du-

64 1331 269 1373 nelmensi
309 1332 447 1372 fuerat
493 1332 684 1373 ecclesiae
725 1333 991 1382 confirmata,
1041 1347 1137 1388 quae
1179 1333 1350 1388 quidem
1393 1333 1595 1374 adversus

63 1389 390 1430 transactionem
426 1389 549 1430 istam
585 1390 711 1430 nichil
743 1389 906 1430 roboris
937 1398 1011 1430 aut
1043 1389 1209 1431 virtutis
1238 1390 1474 1431 habebunt.
1540 1390 1597 1430 Et

65 1447 261 1488 monachi
296 1447 442 1489 Sancti
467 1447 621 1489 Albani
646 1462 762 1488 versa
786 1447 875 1488 vice
898 1448 1174 1497 munimenta,
1199 1460 1295 1502 quae
1316 1462 1442 1502 super
1464 1448 1598 1489 eccle-

65 1503 134 1544 siis
157 1505 210 1545 de
234 1504 383 1546 Biwell
405 1514 446 1546 et
467 1505 521 1545 de
547 1505 890 1562 Eduluingeham
919 1505 1147 1555 habebant,
1173 1505 1309 1546 Priori
1332 1515 1375 1546 et
1397 1505 1597 1546 fratribus

71 1561 432 1603 Dunelmensibus
454 1563 748 1612 reddiderunt,
786 1563 977 1617 exceptis
1001 1563 1066 1603 his
1098 1562 1250 1618 quibus
1282 1562 1472 1604 ecclesiae
1496 1564 1596 1618 ipsae

65 1621 327 1660 monasterio
363 1621 507 1661 Sancti
546 1620 702 1660 Albani
738 1635 835 1661 cum
872 1620 961 1660 aliis
998 1630 1095 1660 sunt
1130 1620 1460 1674 possessionibus
1498 1636 1597 1661 con-

66 1676 289 1718 firmatae.*
357 1677 480 1728 Quae,
519 1677 677 1733 utique,
712 1685 916 1734 quantum
951 1677 1006 1718 ad
1033 1677 1257 1718 articulum
1278 1678 1408 1728 illum,
1432 1678 1597 1734 juribus

114 1795 132 1811 *⁸
160 1790 235 1824 The
252 1791 426 1835 following
441 1794 469 1825 is
485 1804 550 1826 one
570 1792 608 1826 of
628 1792 688 1825 the
712 1794 925 1826 Documents
941 1794 1045 1837 given
1064 1804 1109 1836 up
1126 1793 1172 1836 by
1190 1793 1250 1826 the
1271 1792 1395 1827 Monks
1412 1792 1452 1827 of
1470 1795 1518 1827 St.
1540 1794 1599 1828 Al-

68 1837 151 1869 bans
167 1847 211 1869 on
228 1837 296 1869 this
310 1839 458 1870 occasion
470 1849 527 1869 2—-

185 1925 448 1954 CONVENCIO
485 1926 627 1954 INTER
660 1926 937 1954 GAUFRIDUM
971 1927 1189 1954 ABBATEM
1222 1927 1382 1954 SANCTI
1406 1926 1483 1954 AL-

185 1983 296 2010 BANx
323 1984 379 2010 ET
403 1984 741 2013 COSPATRICIUM
764 1985 861 2011 SIVE
887 1984 1147 2012 WALDEVUM
1171 1985 1229 2012 DE
1254 1985 1401 2012 BEWIC
1427 1986 1481 2012 ET

186 2040 481 2071 EGLINGHAM.

575 2121 651 2162 [Ex
668 2121 750 2164 orig.
767 2123 798 2152 2.
816 2123 846 2153 2.
867 2120 963 2164 Spec.
980 2121 1022 2153 A.
1042 2122 1089 2164 1.]

115 2195 198 2228 Haec
214 2203 267 2228 est
283 2198 467 2229 conventio
481 2198 575 2230 inter
592 2198 803 2230 Gaufridum
831 2200 1004 2231 Abbatem
1023 2199 1138 2231 Sancti
1155 2198 1279 2232 Albani
1304 2203 1339 2231 et
1357 2198 1597 2242 Gospntricum

66 2239 178 2271 filium
192 2241 351 2273 Consulis
365 2242 568 2284 Gospatrici‚
582 2244 672 2285 quod
688 2245 760 2285 ipse
773 2245 898 2281 Abbas‚
912 2254 1050 2276 assensu
1068 2248 1103 2276 et
1120 2243 1302 2275 voluntate
1319 2244 1426 2275 totius
1438 2245 1600 2285 Capituli.

66 2286 230 2316 concessit
254 2286 364 2317 eidem
389 2287 589 2328 Gospatrico
606 2292 642 2319 et
658 2287 731 2319 filio
747 2298 807 2319 suo
828 2287 926 2325 Adae,
943 2289 1001 2330 qui
1018 2289 1115 2330 prius
1129 2293 1268 2320 vocatus
1285 2292 1337 2320 est
1354 2287 1513 2323 Waldief,
1533 2293 1601 2319 ter·

66 2338 137 2359 ram
155 2328 275 2361 Archil
294 2330 419 2366 Morel,
437 2331 567 2363 scilicet
586 2332 776 2369 Beuuiche,
793 2342 870 2363 cum
889 2334 1046 2364 omnibus
1070 2334 1170 2363 terris
1187 2332 1228 2363 ad
1245 2343 1319 2364 earn
1336 2332 1601 2374 pertinentibus,

68 2377 105 2404 et
123 2376 250 2404 terram
267 2373 309 2405 de
326 2374 591 2418 Eguhngeham,
608 2386 710 2417 quam
727 2375 876 2408 WVinnoc
894 2382 1037 2409 venator
1061 2377 1156 2408 dedit
1174 2376 1297 2408 Sancto
1316 2376 1446 2408 Albano
1464 2377 1602 2408 Sancto-

68 2427 136 2459 que
153 2417 310 2449 Osuinuo
326 2419 360 2449 in
385 2418 583 2451 feodofirina
600 2420 819 2463 theineslage‚
837 2421 871 2451 in
889 2432 963 2453 saca
979 2425 1015 2452 et
1038 2421 1074 2452 in
1092 2431 1166 2452 soca
1182 2425 1215 2452 et
1235 2420 1284 2452 tol
1301 2425 1336 2452 et
1353 2425 1423 2452 tem
1441 2425 1476 2452 et.
1493 2420 1602 2452 infan-

67 2461 227 2504 geltheof
248 2462 283 2493 in
308 2472 447 2494 nemore
471 2468 507 2494 et
530 2465 566 2495 in
591 2464 691 2505 plano
715 2469 749 2496 et
774 2466 809 2495 in
834 2475 921 2506 aqua
937 2466 1024 2496 sicut
1044 2465 1159 2496 Abbas
1179 2464 1371 2496 Gaufridus
1387 2476 1461 2497 eam
1479 2465 1602 2497 melius

69 2510 167 2537 tenet
195 2516 214 2537 a
245 2508 350 2549 Rege.
407 2507 545 2539 Reddet
570 2518 653 2539 vero
680 2509 750 2549 ipse
767 2509 991 2550 Gospatricus
1019 2519 1079 2550 pro
1103 2508 1230 2540 eisdem
1256 2510 1355 2541 terris
1373 2510 1544 2541 monachis
1560 2510 1603 2541 de

69 2550 281 2582 'sinemutha
300 2562 360 2593 per
386 2551 537 2594 singulos
549 2562 654 2584 annos
669 2553 714 2594 iiij
734 2553 847 2590 libras,
863 2553 903 2584 ad
918 2552 1198 2585 Purificacionem
1211 2559 1337 2585 sanctae
1356 2555 1479 2586 Mariae
1497 2555 1603 2596 quad·

70 2594 202 2636 raginta
219 2595 342 2627 solidos
359 2600 394 2628 et
422 2595 464 2627 ad
489 2597 617 2629 festum
635 2598 750 2629 Sancti
766 2597 952 2630 Cuthberti
969 2597 1191 2640 quadraginta
1208 2598 1298 2639 quod
1323 2603 1375 2630 est
1392 2600 1427 2630 in
1446 2599 1604 2641 Septem-

70 2639 133 2674 bri,
149 2639 191 2670 ad
210 2638 456 2673 Tinemutliam
471 2646 659 2683 utrumque
673 2643 744 2684 ipse
760 2641 940 2674 allaturus.
965 2642 1103 2674 Reddet
1119 2644 1224 2673 etiam
1239 2643 1460 2685 Gospatticus
1477 2645 1603 2676 Abbati

73 2682 241 2714 Gaufrido
267 2685 384 2717 Sancti
408 2686 533 2719 Albani
555 2691 616 2718 aut
633 2687 756 2718 nuncio
775 2686 850 2728 ejus
867 2688 1040 2719 nominato
1058 2688 1181 2729 viginti
1201 2686 1333 2726 solidos,
1350 2692 1410 2720 aut
1427 2689 1455 2719 si
1471 2690 1604 2721 nummi

73 2726 261 2762 defecerint
285 2730 330 2774 vij
350 2730 454 2766 boves
480 2732 573 2773 [ἰια],
606 2741 889 2775 unumquemque
907 2731 1080 2766 valentem
1099 2731 1133 2775 vj
1154 2730 1284 2771 solidos,
1300 2738 1336 2766 ct
1352 2733 1414 2766 hoc
1430 2733 1464 2765 in
1484 2735 1605 2767 volun-

1699 94 1703 109 Ι
