1807 2962
159 115 224 157 5⁴2
474 127 605 161 HIST.
628 129 858 161 DUNELM2
889 126 1188 160 SCRIPTORES
1213 127 1355 158 TRES»

825 449 947 496 [cAP.
979 454 1040 488 xi.

671 552 769 594 [MS.
786 552 869 596 Cap„
885 561 1010 585 cxnw.
1029 550 1085 583 fol.
1107 550 1210 591 lca}

232 648 336 690 Post
372 645 620 688 nunciorum
662 643 882 699 reditum,]
923 643 1125 685 fratribus
1167 642 1435 697 congregatis
1478 653 1701 697 exponun‘«

172 713 239 747 sur
270 705 499 761 praemissa.
576 704 662 744 Sed
694 703 767 752 illi,
801 716 878 756 pro
921 702 1071 756 majori
1104 709 1239 755 parte,
1273 715 1298 741 a
1329 700 1547 741 voluntate
1568 701 1705 755 priori

170 764 318 812 aversi,
351 762 551 803 dixerunt
581 775 625 801 se
657 760 858 800 mandato
886 759 1062 800 domino
1095 759 1312 813 Episcopo
1343 758 1506 799 directo
1527 758 1699 798 minime

171 821 441 869 consensisse,
465 819 563 859 licet
594 826 738 868 aperte
761 832 845 858 non
860 817 1220 863 reclamaverunt3
1243 815 1373 856 immo
1387 816 1525 870 potius
1542 815 1701 856 vellent

175 878 300 927 mori,
334 892 459 933 quam
482 876 666 931 aliquam
689 875 991 929 professionem
1013 889 1156 915 coram
1186 873 1398 927 Episcopo
1419 873 1595 914 recitare
1617 885 1699 916 etc,

179 935 391 992 [Quidam
424 949 523 975 vero
545 934 745 974 dixerunt
767 932 881 972 istud
903 947 1023 987 aeque
1045 932 1104 972 ita
1124 932 1372 987 contingere
1394 939 1704 972 commorantes

175 996 222 1033 in
244 992 388 1043 Cellis,
421 991 529 1032 sicut
560 990 685 1044 ipsos,
709 999 753 1031 et
775 990 873 1031 ideo
895 989 982 1029 sine
1005 989 1083 1029 illis
1101 1004 1187 1029 non
1210 997 1407 1042 poterant
1428 988 1711 1043 respondere.-

177 1050 281 1091 Post
313 1063 505 1104 vesperas
536 1047 689 1089 iterum
722 1056 1051 1104 congregantur,
1076 1061 1209 1101 usque
1231 1046 1289 1086 ad·
1307 1054 1490 1095 noctem,
1516 1045 1587 1086 ubi
1609 1045 1701 1100 qui-

173 1108 272 1149 dam
304 1108 518 1156 dixerunt,
561 1121 604 1147 se
641 1105 838 1160 ignorare
872 1120 925 1146 an
958 1113 1085 1158 caput
1117 1104 1339 1153 haberent,
1364 1112 1406 1144 et
1438 1103 1528 1143 sine
1565 1102 1704 1156 capite

177 1166 436 1219 respondere
473 1178 556 1204 non
594 1172 823 1217 poterant3
858 1177 950 1212 nec,
986 1163 1073 1202 sine
1107 1161 1467 1201 commorantibus
1489 1161 1532 1201 in
1557 1160 1704 1209 Cellis‚

176 1223 254 1265 etsi
277 1231 404 1277 caput
427 1222 648 1275 haberent.
714 1220 872 1262 Iterum
895 1228 990 1274 post
1012 1218 1238 1260 matutinas
1261 1226 1590 1272 congregantur,
1614 1218 1704 1268 ubi,

171 1283 300 1337 juxta
331 1279 550 1321 consilium
584 1278 834 1334 aliquorum,
868 1276 1243 1318 adierunt'omnes
1277 1277 1483 1326 Priorem,
1506 1284 1706 1329 rogantes

178 1353 288 1388 eum,
312 1338 425 1394 quod
449 1337 490 1377 in
514 1345 631 1377 tanta
651 1336 932 1391 perplexitate
949 1350 1020 1376 eos
1041 1349 1127 1376 non
1149 1335 1416 1390 relinqueret,
1437 1333 1512 1375 sed
1529 1333 1571 1373 in
1593 1342 1705 1374 statu

179 1404 325 1446 staret,
359 1396 497 1436 donec
525 1394 670 1435 domui
693 1394 803 1435 foret
825 1393 975 1434 melius
997 1392 1251 1434 ordinatum.
1315 1392 1417 1441 Qui,
1441 1392 1559 1441 fiens,
1583 1400 1627 1431 et
1649 1390 1708 1431 eis

183 1453 461 1508 compatienS,
484 1463 690 1508 qnantum
713 1453 755 1492 in
779 1451 869 1505 ipso
891 1451 982 1500 fuit,
1007 1450 1168 1499 annuit,
1192 1450 1267 1490 sed
1288 1450 1369 1490 hoc
1392 1449 1433 1489 in
1456 1449 1545 1503 ejus
1566 1457 1714 1502 potes-

181 1519 269 1552 tate
301 1526 386 1551 non
423 1519 528 1559 erat,
553 1524 652 1550 curn
674 1509 912 1564 Episcopus
953 1508 1120 1549 literam
1156 1507 1353 1548 cessionis
1391 1522 1478 1548 suae
1514 1521 1640 1561 penes
1663 1521 1707 1547 se

179 1569 370 1610 haberet.
434 1567 558 1608 Missi
595 1576 691 1607 sunt
727 1581 828 1621 ergo
859 1566 900 1606 in
925 1567 1109 1607 crastino
1132 1580 1285 1606 novem
1306 1565 1458 1606 fratres
1480 1579 1577 1605 cum
1598 1564 1709 1618 Sup-

180 1626 323 1682 pr10re
359 1626 412 1667 ad
440 1625 713 1679 Episcopum,
738 1625 925 1678 rogaturi
963 1638 1060 1664 eum
1094 1632 1140 1664 ut
1177 1632 1317 1677 partes
1339 1638 1435 1663 suas
1456 1622 1510 1663 ad
1531 1621 1612 1662 hoc
1634 1636 1710 1676 ap-

182 1692 377 1739 poneret,
412 1691 453 1724 et
476 1682 613 1724 Priori
635 1683 677 1722 in
712 1683 870 1722 virtute
892 1681 1148 1722 obedientiae
1170 1680 1250 1721 hoc
1271 1680 1522 1736 injungeret,
1546 1679 1579 1719 si
1600 1679 1709 1720 forte

182 1741 368 1783 monitus
389 1739 662 1795 adquiescere
692 1749 920 1782 recusaret.
985 1738 1147 1780 Annuit
1169 1737 1414 1792 Episcopus,
1438 1746 1482 1778 et
1501 1737 1542 1776 in
1565 1736 1712 1777 crasti-

183 1814 284 1840 num
306 1799 419 1840 venit
450 1798 565 1853 apud
592 1796 837 1852 Beurepair,
861 1797 1066 1850 promissa
1086 1796 1400 1850 completurus;
1432 1793 1504 1835 ubi
1527 1795 1711 1835 occurrit

185 1857 230 1898 ei«
251 1856 376 1897 Prior
403 1871 499 1896 cum
521 1855 686 1896 caeteris
712 1855 925 1903 fratribus,
951 1862 992 1894 et
1019 1853 1165 1894 Priore
1187 1853 1398 1906 allegante
1420 1851 1711 1892 infirmitatem

186 1929 305 1955 suam
336 1923 378 1954 et
408 1912 729 1968 impotenciam,..
748 1911 960 1966 Episcopo
983 1925 1096 1960 ver0,
1120 1926 1143 1951 e
1165 1924 1384 1959 converso,
1408 1917 1650 1964 exponente
1672 1910 1711 1949 ei

188 1970 456 2013 affectionem
492 1971 737 2012 Conventus
773 1983 876 2024 erg-a
896 1983 1007 2018 eum,
1032 1968 1143 2009 unde
1165 1968 1352 2021 gaudere
1374 1966 1563 2015 deberet,
1587 1974 1629 2007 et
1650 1965 1713 2006 eis

188 2029 367 2070 multum
402 2027 548 2077 tenerI,
587 2028 762 2068 tandem
800 2025 1035 2081 Episcopus
1069 2025 1120 2075 ei,
1164 2026 1205 2065 in
1245 2025 1400 2065 virtute
1437 2023 1709 2074 obedientiae,

188 2086 370 2140 injunxit
406 2096 545 2133 stare3
578 2094 622 2126 et
654 2084 712 2125 sic
749 2083 870 2124 Prior
901 2082 1129 2138 adquievit.
1202 2081 1556 2137 Advenienteque
1591 2081 1709 2132 hora,

191 2144 319 2184 simul·
348 2143 407 2183 ibi
428 2143 708 2197 prandebant,
732 2141 831 2182 satis
847 2141 1054 2195 jocundas
1076 2139 1202 2181 facies
1225 2139 1403 2180 invicem
1425 2138 1711 2181 ostendentes.

192 2202 298 2243 Post
332 2200 555 2255 prandium
591 2214 706 2246 vero,
744 2198 884 2239 clerici
911 2197 1108 2252 Episcopi
1144 2205 1349 2238 vocarunt
1373 2196 1649 2251 Suppriorem
1671 2205 1714 2238 et

191 2259 295 2300 alios
328 2258 381 2298 ad
403 2257 607 2311 capellam
640 2266 797 2298 sanctae
821 2256 1055 2304 Katerinae,
1080 2255 1267 2295 dicentes
1299 2253 1484 2295 semirari
1516 2268 1592 2294 cur
1628 2268 1718 2294 non

191 2315 501 2370 responderunt
538 2314 755 2368 Episcopo
780 2313 835 2354 ad
866 2312 1119 2367 peticionem
1141 2311 1199 2352 eis
1221 2311 1422 2352 directam
1445 2325 1520 2365 per
1540 2311 1715 2351 fratrem

196 2374 249 2414 R.
272 2373 326 2414 de
351 2372 536 2413 Baruebi
565 2385 691 2426 super
711 2369 967 2425 professione
1005 2369 1198 2410 facienda
1214 2385 1226 2417 3
1258 2380 1300 2410 et
1316 2369 1636 2422 responderunt,
1671 2383 1716 2409 se

190 2430 273 2470 hoc
313 2444 398 2470 non
429 2428 746 2483 praetermisisse
782 2441 837 2469 ex
868 2435 1129 2481 contemptu,
1153 2426 1228 2467 sed
1261 2425 1361 2481 quia
1387 2424 1638 2474 nescierunt,
1661 2440 1714 2466 an

192 2487 330 2541 capud
361 2486 582 2535 haberent,
615 2486 704 2526 sine
735 2500 821 2540 quo
853 2484 975 2524 nichil
1006 2484 1144 2524 facere
1166 2491 1411 2538 potuerunt.
1475 2482 1716 2523 Mandave-

193 2553 287 2584 raut
301 2543 428 2584 etiam
446 2543 484 2584 ei
502 2542 617 2597 quod
631 2542 766 2595 parati
783 2550 902 2582 erant
914 2542 1054 2582 facere
1069 2556 1119 2582 ea
1135 2556 1230 2597 quae
1248 2542 1290 2596 ly
1306 2541 1549 2581 CoNvEmT
1564 2540 1710 2589 voluit,

194 2601 268 2641 sed
292 2601 402 2641 ultra
433 2600 475 2640 id
511 2600 651 2640 facere
682 2614 768 2640 non
790 2599 1017 2648 audebant,
1051 2600 1139 2640 sine
1175 2612 1380 2639 consensu
1411 2611 1559 2638 eorum
1579 2597 1715 2652 quiin

198 2657 326 2698 Cellis
356 2657 542 2698 externis
574 2657 859 2699 morabantur.
927 2655 1019 2696 Hiis
1042 2656 1266 2696 intellectis
1288 2656 1340 2695 ab
1365 2654 1593 2709 Episcopo,
1617 2668 1714 2694 cum

194 2714 344 2754 fratres
365 2714 418 2754 ad
441 2728 536 2753 eum
558 2714 822 2762 accederent,
847 2713 1183 2753 benedictionem
1217 2714 1270 2753 ab
1293 2727 1343 2753 eo
1364 2711 1592 2766 accepturi,
1615 2720 1714 2752 ante

198 2785 341 2811 eorum
375 2783 595 2820 recessum,
632 2769 748 2825 quasi
787 2769 1049 2826 indignanter
1081 2769 1139 2811 eis
1172 2770 1305 2817 (lixi13
1341 2776 1367 2796 ‘⁶
1397 2769 1488 2822 Ego
1509 2768 1711 2824 proposui
