1807 2962
191 76 418 125 CCCCXXVl
511 91 646 125 HIST.
674 94 913 126 DUNELM.
941 94 1249 126 SCRIPTORES
1276 96 1418 128 TRES„

379 428 591 456 CCCXXXI.
624 427 861 459 RELIQUIAE
895 425 1124 453 ECCLESIAE
1158 413 1527 455 DUNELMENSIS.*'

468 523 566 564 [MS.
592 522 721 555 Eccles.
747 521 847 554 Cath.
872 520 976 553 Ebor.
999 520 1109 551 XVI.
1127 520 1145 552 1
1175 522 1225 551 12.
1252 521 1324 554 Sec.
1342 522 1437 564 xiv-J

242 620 313 661 De
353 628 470 660 veste
513 616 690 659 Domini
739 614 873 657 nostri
904 614 1006 656 Jesu
1051 613 1209 655 Christi
1260 624 1302 655 et
1353 624 1509 656 sanctae
1564 614 1718 659 Mariae

182 677 398 731 genitricis
421 675 612 719 Domini.
665 675 735 716 De
767 673 885 728 ligno
920 671 1111 713 Domini.
1175 672 1245 713 De
1263 673 1490 728 sepulchro
1525 673 1714 718 Domini.

182 738 252 779 De
289 735 479 793 spongia.
552 735 624 776 De
660 732 780 787 virga
824 732 980 772 Aaron,
1026 730 1236 786 Reliquiae
1270 731 1589 785 Apostolorum.
1645 732 1715 774 De

180 804 297 837 veste
319 792 515 849 principis
537 791 825 846 apostolorum
863 788 995 830 saneti
1028 788 1161 832 Petri.
1228 788 1297 829 De
1335 798 1451 830 veste
1486 798 1528 830 et
1562 790 1615 830 de
1652 805 1716 832 se-

180 853 358 909 pulchro
375 850 509 893 sancti
531 848 736 892 Johannis
759 846 1048 904 evangelistae.
1111 846 1181 887 De
1202 847 1465 888 vestimentis
1488 857 1530 888 et
1553 848 1715 888 ossibus

181 911 315 953 sancti
330 910 495 959 Jacobi,
515 907 654 949 fratris
679 906 871 948 Domini.
924 905 994 945 De
1012 903 1198 959 reliquiis
1215 905 1505 959 apostolorum
1528 906 1715 947 Andreae

178 980 220 1012 et
245 968 447 1024 Philippi.
510 967 582 1010 De
603 966 856 1006 vestimento
886 961 1092 1004 Johannis
1130 962 1354 1016 Baptistae,
1377 964 1418 1003 in
1442 978 1528 1019 qno
1550 964 1713 1005 occisus

179 1036 255 1069 est.
319 1027 388 1067 De
410 1024 636 1079 sepulchro
662 1023 800 1063 Annae
818 1020 962 1061 matris
987 1019 1162 1060 Domini
1189 1020 1305 1078 [sic]
1348 1021 1450 1061 Pars
1472 1032 1713 1064 sanctorum

182 1085 398 1127 Zachariae
421 1093 463 1124 et
489 1080 725 1137 SymeoniS.
805 1079 926 1120 Dens
960 1077 1074 1119 beati
1110 1078 1317 1133 Stephani
1358 1080 1710 1133 prothomartiris,

177 1153 221 1185 et
253 1144 307 1184 de
329 1142 582 1183 vestimento
614 1139 718 1193 ejus,
781 1138 852 1179 De
884 1136 1069 1191 reliqniis
1091 1137 1224 1177 sancti
1250 1137 1476 1178 Laurencii
1501 1139 1710 1194 martyris.

184 1202 292 1243 Ossa
347 1200 525 1241 Fabiani
577 1196 771 1239 martiris.
851 1195 958 1237 Ossa
1003 1194 1254 1236 sebastiani.
1319 1195 1430 1237 Ossa
1478 1197 1713 1238 Praecordii

176 1259 371 1301 martiris.
453 1256 664 1312 Reliquiae
700 1253 908 1296 ,Iohannis
950 1262 993 1294 et
1036 1252 1160 1294 Pauli
1197 1254 1431 1297 martirum.
1498 1255 1711 1311 Reliquiae

174 1317 308 1360 sancti
344 1316 447 1360 Viti,
516 1313 726 1370 Reliquiae
758 1323 1001 1353 sanctorum
1047 1311 1198 1352 Felicis
1240 1320 1282 1352 et
1326 1311 1472 1353 Felicii
1513 1323 1556 1354 et
1593 1314 1711 1355 Aviti

173 1376 409 1417 martirum.
474 1372 684 1429 Reliquiae
722 1371 978 1425 Apollinaris
1016 1369 1209 1410 martiris.
1275 1370 1386 1411 Ossa
1410 1370 1577 1426 Cyriaci
1601 1386 1710 1413 mar-

175 1434 278 1478 tiris.
345 1432 557 1488 Reliquiae
590 1430 722 1471 sancti
757 1427 968 1484 Dyonisii.
1038 1427 1144 1469 Ossa
1168 1427 1318 1468 Felicis
1341 1428 1535 1472 martiris,
1601 1430 1711 1471 Ossa

172 1492 284 1534 Justi
307 1491 501 1534 martiris.
566 1490 678 1531 Ossa
701 1487 898 1528 Marcelli
921 1485 1114 1529 martiris.
1179 1485 1249 1526 De
1283 1486 1545 1527 vestimentis
1576 1490 1710 1530 sancti

174 1550 333 1593 Albani
364 1548 560 1592 martiris.
630 1545 839 1602 Reliquiae
881 1556 1137 1585 sanctorum.
1203 1543 1416 1600 Reliquiae
1462 1555 1706 1587 sanctorum

172 1608 390 1649 martirum
418 1606 554 1655 Pauli,
592 1603 828 1652 Pancracii‚
865 1601 1083 1658 Cypriani,
1111 1602 1315 1646 Cornelii.
1383 1601 1492 1644 Ossa
1515 1604 1708 1645 Christo-

170 1668 251 1708 fori
273 1665 467 1707 martiris,
504 1665 572 1705 De
595 1662 781 1718 reliquiis
803 1662 971 1703 Cosmae
987 1670 1029 1701 et
1052 1660 1255 1701 Domiani
1278 1670 1320 1701 et
1339 1660 1540 1717 Hypoliti
1563 1664 1707 1703 marti-

167 1740 274 1768 rum.
346 1723 554 1779 Reliquiae
586 1722 721 1762 sancti
755 1718 945 1769 QuirIaci
978 1729 1021 1760 et
1049 1727 1207 1759 sanctae
1235 1718 1447 1766 Quiriacae
1469 1722 1703 1771 martirum,

169 1792 210 1824 et
234 1797 292 1823 XL
326 1782 520 1824 militnm.
579 1779 758 1822 Cuculla
788 1777 991 1833 sangnine
1023 1777 1181 1818 infecta
1227 1776 1270 1817 in
1317 1792 1401 1832 qua
1433 1780 1705 1820 marturiatus

169 1850 235 1882 est
267 1851 434 1881 sanctus
484 1838 701 1894 Elphegns
749 1835 1102 1889 arcl‘iiepiscopus
1168 1835 1237 1875 De
1280 1835 1465 1891 reliquiis
1501 1837 1626 1892 Syxti
1659 1848 1701 1878 et

176 1899 354 1953 Georgii
387 1897 621 1938 martirum.
700 1895 768 1935 De
805 1894 1056 1933 vestimento
1103 1892 1321 1934 Saturnini
1353 1893 1547 1937 martiris.
1617 1896 1703 1936 Re-

166 1957 309 2012 liquiae
341 1955 473 1996 sancti
508 1953 709 1995 Edwardi
753 1952 969 1991 martiris.-
1024 1949 1091 1991 De
1132 1950 1319 2005 reliquiis
1361 1952 1496 1992 sancti
1541 1952 1701 1994 Costici

173 2016 272 2072 [sic]
304 2013 513 2069 martyris
580 2010 795 2052 Articnlns
827 2007 949 2062 digiti
971 2009 1105 2048 sancti
1130 2007 1348 2052 Mauricii.

221 2189 429 2243 Reliquiae
458 2200 549 2240 qztae
570 2188 739 2226 inventoe
754 2184 935 2235 fuerunt
964 2185 1007 2223 in
1043 2183 1196 2222 tumulo
1226 2184 1360 2222 sancti
1393 2182 1603 2224 Cutlibertz'
1633 2186 1699 2225 die

676 2243 987 2284 Translacionis
1006 2241 1194 2292 ejusdem

222 2364 390 2417 Corpus
422 2359 553 2401 sancti
581 2357 807 2401 Cnthberti
831 2372 925 2397 cnm
949 2370 1076 2397 carne
1099 2363 1140 2396 et
1163 2354 1338 2405 ossibus,
1362 2364 1404 2397 et
1427 2364 1565 2395 totum
1588 2356 1696 2398 intem

159 2437 297 2476 grum,
332 2419 449 2476 qnasi
482 2418 622 2458 adhuc
654 2425 764 2457 esset
803 2414 934 2455 vivus.
998 2414 1139 2467 Caput
1170 2413 1303 2453 sancti
1341 2413 1526 2455 Oswaldi
1562 2414 1694 2468 Regis

160 2490 200 2520 et
228 2477 433 2526 M„‚1·ti1·is,
468 2476 583 2532 qnod
620 2475 804 2515 locatum
838 2482 899 2513 est
939 2471 983 2512 in
1014 2471 1168 2512 scrinio
1200 2485 1295 2511 cum
1338 2486 1518 2527 corpore
1558 2473 1694 2513 Cuth-

159 2538 281 2578 berti.
345 2536 525 2577 Inventa
557 2541 655 2573 sunt
687 2546 858 2588 quoque
890 2545 986 2570 cum
1008 2543 1186 2583 corpore
1215 2528 1344 2583 ipsius
1367 2529 1502 2570 sancti
1537 2529 1690 2580 Patris,

205 2654 221 2669 ³¹¹
249 2652 364 2683 There
382 2651 408 2682 is
425 2660 466 2680 an
484 2649 604 2681 earlier
628 2648 686 2680 list
703 2646 742 2679 of
765 2647 824 2679 the
842 2646 998 2677 Durham
1016 2643 1131 2676 Relics
1148 2645 1183 2675 in
1201 2644 1260 2676 the
1285 2644 1366 2676 MS.
1396 2645 1438 2677 Ο.
1455 2646 1485 2676 3.
1503 2646 1558 2682 35,
1577 2646 1611 2677 in
1630 2645 1691 2677 the

159 2697 287 2737 library
313 2696 351 2728 of
366 2695 504 2736 Trinity
520 2694 670 2736 College,
685 2691 889 2735 Cambridge
909 2694 941 2733 (a
959 2689 1043 2721 book
1059 2688 1222 2730 formerly
1241 2689 1424 2733 belonging
1441 2695 1478 2722 to
1497 2690 1556 2723 the
1571 2690 1689 2731 Priory

161 2742 200 2772 of
222 2740 414 2778 Finchale),
437 2738 607 2781 compiled
634 2737 836 2780 apparently
864 2738 1016 2768 between
1035 2735 1093 2765 the
1121 2744 1220 2775 years
1251 2735 1335 2765 1143
1359 2735 1425 2767 and
1458 2737 1554 2775 1154,
1580 2734 1645 2767 and
1670 2742 1688 2766 a

157 2785 244 2818 luter
262 2788 288 2817 is
306 2783 443 2828 printed
460 2785 495 2816 in
511 2784 568 2816 the
593 2783 771 2826 Appendix
791 2786 826 2815 to
846 2781 984 2814 Smith’s
1001 2779 1107 2819 Bede,
1133 2789 1163 2821 p.
1182 2778 1257 2813 740.
