1807 2962
193 74 344 122 clxxvi
513 92 644 142 HlsT.
672 91 904 123 DUNELM.
934 91 1232 124 scmi’TonEs
1257 92 1394 124 TnEs.

305 390 441 421 CLVII.
477 390 708 419 RETENCIO
742 391 961 419 MAGISTRI
994 390 1167 418 THOMAE
1194 390 1484 419 WALKENTON
1507 392 1596 420 PRO

301 449 530 476 PENSIONE
553 449 610 476 XV
632 449 893 477 MARCARUM
916 449 1001 476 SUB
1027 449 1187 476 CERTIS
1212 449 1591 478 CONDICIONIBUS.

780 526 884 570 [Reg.
901 526 955 558 11.
973 525 997 557 f.
1013 527 1111 568 316.]

243 603 357 645 Haec
390 603 619 644 indentura
650 602 763 644 facta
797 601 908 643 inter
938 601 1157 658 religiosos
1179 600 1288 642 viros
1313 601 1505 644 Priorem
1528 611 1570 645 et
1596 604 1712 646 Con-

183 670 359 702 ventum
391 660 580 702 eeclesiae
611 660 864 702 cathedralis
884 659 1183 701 Dunelmensis
1206 674 1261 700 ex
1284 675 1369 700 una
1390 670 1434 701 et
1456 661 1709 718 magistrum

183 719 397 761 Thomam
429 719 482 760 de
506 719 671 775 Walky
676 727 822 783 ngton,
847 719 1116 759 decretorum
1138 718 1371 767 doctorem,
1396 696 1556 760 domini
1577 720 1709 762 nostri

183 777 315 832 Papae
356 777 619 832 capellanum
661 785 705 818 et
741 776 869 832 ipsius
904 775 1010 817 sami
1046 775 1193 831 palatii
1229 775 1450 830 apostolici
1486 792 1705 819 causarum

180 836 433 885 auditorem,
468 843 589 890 parte
619 850 675 876 ex
708 835 855 885 alteia,
894 842 1087 884 testatur,
1126 833 1247 899 quod
1276 833 1468 888 praedicti
1506 835 1631 876 Prior
1663 846 1708 877 et

182 893 430 936 Conventus
452 903 764 944 concesserunt,
790 902 833 933 et
848 893 929 933 hoc
946 892 1148 947 praesenti
1171 892 1329 946 scripto
1347 907 1390 932 se
1408 892 1585 933 firmiter
1601 894 1707 935 obli-

177 960 327 1005 gantes
345 952 479 992 confi1
482 966 624 992 mavei
628 960 703 992 unt
720 959 763 992 et
779 951 1044 1000 confirmant,
1060 949 1269 1005 praedicto
1285 949 1486 1003 magistro
1507 950 1701 1002 rhomae,

174 1009 230 1050 ad
262 1009 488 1051 terminum
520 1009 620 1049 vitae
653 1024 754 1059 suae,
788 1008 1003 1065 quandam
1039 1007 1290 1061 pensionem
1321 1008 1399 1048 sub
1421 1008 1555 1049 forma
1575 1008 1704 1051 infra-

175 1067 360 1122 sclipta3
398 1066 596 1109 videlicet
627 1067 867 1123 quindecim
901 1080 1153 1115 marcarum,
1192 1064 1400 1121 quotienS,
1425 1067 1613 1121 quaudo,
1658 1077 1702 1109 et

174 1125 391 1182 quamdiu,
424 1125 466 1166 in
488 1124 604 1166 curia
630 1125 822 1166 Romana
842 1123 970 1165 fuerit
992 1133 1032 1164 et
1056 1122 1212 1164 ibidem
1236 1138 1396 1164 moram
1419 1125 1611 1175 traxerit,
1636 1126 1701 1167 vel

171 1184 214 1224 in
237 1183 412 1225 ecclesia
432 1198 508 1224 sua
523 1182 577 1224 de
604 1183 827 1247 Hougton,
851 1197 925 1223 seu
947 1197 1042 1223 cum
1065 1181 1293 1236 magnifico
1315 1190 1359 1222 et
1380 1182 1511 1223 nobili
1528 1183 1701 1225 domino

173 1241 342 1283 Comite
366 1242 459 1282 Nor
464 1241 727 1282 [humbrensi
748 1240 856 1281 infra
876 1239 1079 1281 diocesim
1099 1239 1457 1281 Dunelmensem
1449 1256 1490 1281 m
1508 1241 1701 1295 ejusdem

173 1299 352 1341 Comitis
384 1299 563 1349 familia3
596 1307 636 1340 et
669 1298 702 1339 si
729 1298 773 1340 in
797 1299 1072 1349 Eboracensi,
1101 1298 1407 1347 Beverlacensi,
1438 1298 1605 1354 Rypon,
1633 1301 1699 1341 vel

172 1357 390 1399 Houeden
420 1357 654 1414 collegiatis
686 1357 888 1407 ecclesiis,
920 1357 1056 1412 ipsum
1087 1357 1334 1411 magistrum
1360 1356 1571 1397 Thomam
1595 1358 1700 1399 resi-

167 1415 282 1466 dere,
305 1416 371 1457 vel
392 1424 516 1457 extra
534 1415 692 1457 dictam
717 1414 1055 1457 Dunelmensem
1077 1414 1293 1480 diocesim,
1316 1428 1411 1455 cum
1429 1414 1546 1455 dicto
1562 1415 1698 1456 domi-

165 1488 222 1514 no
261 1474 430 1516 Comite
465 1473 509 1515 in
545 1489 620 1515 sua
655 1473 814 1515 familia
841 1472 1094 1515 commorari
1124 1472 1365 1530 contigerit,
1392 1482 1571 1527 protunc
1593 1489 1697 1539 pen-

166 1531 328 1573 sionem
361 1533 509 1573 decem
543 1546 804 1581 marcarum3
841 1540 883 1573 et
915 1546 993 1586 pro
1028 1539 1217 1585 tempore
1247 1545 1331 1587 quo
1362 1530 1406 1570 in
1435 1532 1697 1573 monasterio

167 1590 453 1631 Dunelmensi
488 1604 648 1630 moram
683 1589 874 1640 traxerit,
898 1589 1084 1645 quinque
1115 1603 1350 1629 malcarum
1373 1588 1690 1644 sterlingorum,

165 1647 219 1689 de
250 1647 348 1702 ipsis
380 1656 422 1689 et
446 1647 644 1689 Prioratu
667 1662 742 1688 suo
767 1647 1044 1688 Dunelmensi
1066 1646 1240 1702 singulis
1262 1646 1377 1688 annis
1400 1647 1694 1701 pelcipienda-

164 1720 275 1756 rum,
300 1721 378 1761 pro
401 1714 495 1747 rato
517 1706 720 1760 temporis
743 1721 830 1746 suae
853 1720 984 1746 morae
1008 1705 1047 1745 in
1070 1705 1284 1760 praedictis
1306 1703 1423 1746 locis.
1490 1705 1558 1746 Ita
1578 1706 1689 1746 scili-

160 1763 275 1814 licet,
309 1764 439 1820 quod,
473 1778 552 1818 pro
584 1772 678 1804 rato
700 1763 903 1819 temporis
926 1778 1056 1804 morae
1080 1778 1166 1803 suae
1188 1764 1231 1803 in
1257 1763 1451 1803 Romana
1472 1763 1599 1813 curia,
1624 1763 1691 1804 vel

161 1820 203 1861 in
226 1821 404 1862 ecclesia
424 1837 499 1862 sua
519 1821 573 1862 de
598 1821 859 1878 Houghton‚
882 1836 954 1862 seu
973 1820 1016 1860 in
1037 1820 1195 1862 familia
1211 1820 1313 1861 dicti
1330 1820 1489 1860 domini
1509 1820 1691 1862 Comitis

161 1878 270 1919 infra
305 1879 553 1933 praedictam
590 1856 794 1919 diocesim
832 1879 1180 1928 Dunelmensem,
1216 1877 1417 1932 percipiet
1454 1878 1687 1920 secundum

161 1936 408 1990 porcionem
431 1936 671 1991 quindecim
696 1950 860 1976 marcar
865 1951 933 1975 um
955 1950 1223 1983 annuarum3
1245 1943 1287 1976 et
1309 1950 1385 1989 pro
1407 1943 1500 1976 rato
1523 1944 1687 1991 tempo-

160 1993 215 2034 ris
247 2009 335 2034 suae
368 2008 499 2034 morae
530 1993 571 2033 ln
600 1993 872 2043 Eboracensi,
908 1993 1218 2043 Beverlacensi,
1248 1993 1416 2048 Rypon,
1441 1993 1506 2034 vel
1532 1994 1686 2035 Houe-

159 2052 244 2093 den
266 2050 497 2105 collegiatis
512 2050 712 2100 ecclesiis,
728 2052 795 2092 vel
812 2060 936 2092 extra
952 2051 1108 2092 dictam
1127 2050 1463 2092 Dunelmensem
1480 2050 1685 2093 diocesim

157 2125 255 2150 cum
292 2109 407 2150 dieto
444 2108 618 2150 domino
655 2109 825 2150 Comite
857 2109 899 2149 in
933 2124 1008 2150 sua
1029 2108 1199 2158 familia,
1222 2108 1429 2163 percipiet
1450 2110 1683 2152 secundum

157 2167 403 2222 porcionem
440 2167 586 2208 decem
623 2181 859 2208 marcarum
896 2182 1155 2215 annuarum3
1192 2175 1235 2207 et
1265 2181 1342 2220 pro
1364 2175 1457 2207 rato
1480 2167 1683 2221 temporis

157 2240 246 2266 suae
282 2240 413 2266 morae
445 2225 487 2266 in
522 2225 779 2266 monasterio
803 2224 1082 2266 Dunelmensi
1106 2223 1309 2279 percipiet
1330 2224 1560 2265 secundum
1584 2240 1682 2279 por-

155 2283 319 2324 cionem
341 2283 526 2339 quinque
549 2298 784 2324 marcarum
805 2298 1055 2332 annuarum,
1080 2284 1122 2323 in
1143 2281 1261 2323 festis
1282 2282 1415 2323 sancti
1440 2282 1616 2323 Martini
1639 2284 1681 2324 in

153 2341 307 2392 hieme,
320 2350 363 2382 et
376 2342 663 2392 Pentecostes,
682 2356 760 2396 per
781 2341 949 2397 equales
967 2340 1200 2396 porciones,
1223 2354 1440 2396 quousque
1457 2340 1585 2382 fuerit
1606 2355 1682 2395 per

153 2399 264 2453 ipsos
303 2400 492 2440 Priorem
524 2407 567 2440 et
598 2400 868 2441 Conventum
905 2408 1126 2454 promotus
1158 2399 1212 2439 ad
1233 2398 1406 2454 aliquod
1428 2399 1525 2439 bem
1537 2399 1680 2440 ficium

151 2457 267 2512 quod
289 2457 460 2498 duxerit
488 2457 810 2512 acceptandum.
874 2457 1188 2500 concesserunt
1219 2456 1346 2497 etiarn
1368 2455 1536 2511 praefati
1557 2456 1681 2498 Prior

153 2523 195 2555 et
235 2516 482 2556 Conventus
518 2515 657 2556 eidem
694 2514 897 2571 magistro
930 2515 1126 2565 Thomae,
1164 2514 1337 2568 singulis
1368 2514 1500 2563 annis,
1534 2515 1677 2570 quoad

154 2572 319 2620 vixerit,
344 2588 469 2613 unam
491 2573 636 2613 lobam
660 2573 713 2613 de
736 2584 853 2614 secta
872 2573 1048 2614 clencol
1052 2588 1144 2621 um
1166 2571 1364 2613 videlicet
1385 2571 1559 2612 telciain
1582 2586 1676 2626 par-

153 2638 238 2670 tem
269 2631 390 2670 unius
413 2632 540 2686 panni
563 2645 659 2671 cum
682 2630 826 2671 furura
847 2630 900 2671 de
923 2632 1037 2685 bugy
1061 2630 1116 2672 ad
1133 2630 1287 2670 festum
1309 2629 1460 2670 natalis
1483 2629 1673 2679 Domini,

151 2695 195 2727 et
228 2702 304 2742 pro
341 2703 548 2741 ar·m1gclo
582 2703 659 2728 suo
695 2688 798 2728 duas
836 2688 953 2730 ulnas
988 2689 1041 2729 de
1076 2688 1264 2742 stragula
1294 2696 1336 2728 et
1358 2687 1426 2728 du
1419 2702 1461 2728 ts
1479 2686 1595 2727 ulnas
1618 2688 1674 2728 de

149 2759 289 2800 panno
322 2745 511 2787 colorato
548 2746 601 2788 de
639 2756 753 2787 secta
786 2746 1103 2801 armigerorum,
1127 2755 1185 2796 et,
1221 2745 1253 2786 si
1286 2744 1540 2800 armigerum
1587 2759 1673 2786 non
