1807 2962
414 64 692 96 APPENDIX.
715 64 835 94 ANN.
867 63 1210 94 MCCCCXXXII.
1418 50 1606 97 CCXXVli

192 376 308 405 CCIV.
342 377 744 405 PROCURATORIUM
777 379 833 404 AD
858 378 1112 406 CONSILIUM
1138 378 1383 405 GENERALE
1408 379 1486 405 BA-

730 435 950 466 SlLIENSE.

610 531 714 574 [Reg.
735 532 786 562 11.
805 531 903 563 Parv.
922 530 978 563 fol.
997 533 1069 573 68]

134 620 352 662 Universis
384 630 530 677 pateat
565 638 642 679 per
671 632 902 678 praesentes
935 625 1050 680 quod
1082 639 1159 665 nos
1180 623 1408 673 Johannes‚
1431 623 1608 678 permis-

70 678 189 720 sione
211 679 352 720 divina
377 681 499 722 Prior
521 682 710 723 ecclesiae
732 682 983 723 cathedralis
1007 682 1325 731 Dunelmensis‚
1351 691 1392 722 et
1417 681 1605 723 Williel-

70 751 163 777 mus
189 737 333 779 Abbas
355 739 409 779 de
437 740 626 790 Persora,
651 739 994 793 Wignorniensis
1025 740 1256 790 dioceseos,
1281 739 1439 781 ordinis
1473 739 1607 780 sancti

71 794 312 846 Benedicti,
350 797 614 850 provincialis
641 797 827 851 Capituli
859 797 1076 851 nigrorum
1100 797 1418 839 Monachorum
1448 796 1490 837 in
1514 798 1607 838 An-

68 851 166 905 glia,
189 852 286 894 licet
320 853 542 905 immerito,
575 855 865 910 praesidenteS,
890 856 943 897 de
976 856 1183 897 fidelitate
1220 865 1264 897 et
1296 854 1481 910 puritate
1503 869 1605 895 con-

69 910 264 951 scienciae
301 927 349 953 ac
386 912 783 968 circumspeccionis
804 914 1010 956 industria
1032 913 1331 955 venerabilium
1355 914 1398 954 in
1431 912 1603 954 Christo

67 979 238 1025 patrum
276 969 465 1027 magistri
501 969 709 1012 Johannis
740 971 883 1012 divina
913 972 1189 1013 miseracione
1219 971 1399 1013 Abbatis
1424 970 1603 1011 Monasm

66 1027 160 1069 terii
193 1028 327 1068 sancti
369 1029 535 1078 Albani,
565 1029 873 1070 Lincolniensis
908 1029 1137 1080 dioceseos,
1162 1045 1292 1071 sacrae
1313 1029 1482 1084 paginae
1503 1043 1605 1084 pro-

64 1084 245 1135 sessoris,
287 1085 484 1126 Nicholai
524 1087 702 1127 Abbatis
741 1087 967 1137 Glastonii,
996 1087 1211 1128 Wellensis
1235 1096 1277 1128 et
1303 1085 1601 1128 Bathoniensis

66 1145 295 1194 dioceseos,
324 1144 538 1186 Willielmi
575 1145 756 1186 Abbatis
781 1145 1036 1186 Monasterii
1072 1146 1210 1186 beatae
1250 1145 1405 1187 Mariae
1436 1145 1602 1185 Ebora-

65 1203 215 1253 censis,
252 1211 294 1243 et
329 1202 557 1243 Willielmi
593 1203 751 1243 Prioris
784 1203 1036 1244 cathedralis
1068 1203 1257 1244 ecclesiae
1296 1201 1598 1251 Norwicensis,

65 1276 197 1302 sacrae
237 1260 409 1315 paginae
451 1261 750 1315 professorum,
796 1261 836 1301 in
879 1261 1068 1302 Domino
1110 1261 1385 1307 confidentes,
1424 1260 1601 1301 eosdem

65 1319 325 1360 venerabiles
367 1319 516 1359 Patres
540 1319 733 1360 Abbates
757 1328 797 1360 et
822 1318 1015 1360 Priorem
1037 1319 1263 1373 praedictos
1285 1318 1474 1367 facimus,
1499 1331 1601 1357 con-

64 1377 289 1426 stituinms,
314 1387 357 1417 et
378 1377 621 1417 ordinamus
645 1391 717 1430 per
738 1386 982 1431 praesenteS,
1001 1386 1166 1417 nostros
1189 1386 1230 1418 et
1254 1375 1442 1430 Capituli
1464 1374 1601 1415 nostri

64 1451 112 1477 ac
141 1434 312 1476 Ordinis
346 1434 478 1475 nostri
508 1434 736 1489 provinciae
760 1435 1009 1488 Anglicanae
1031 1434 1250 1489 praedictae
1286 1441 1597 1488 procuratores,

60 1494 337 1548 negociorum
358 1502 562 1547 gestores,
586 1507 634 1532 ac
658 1492 831 1534 nuncios
854 1493 1056 1547 speciales
1079 1502 1120 1533 et
1140 1491 1374 1546 generaIeS,
1398 1491 1440 1530 in
1461 1489 1597 1531 omni-

60 1551 138 1592 bus
170 1550 302 1592 causis
335 1560 378 1591 et
400 1550 585 1604 negociis
618 1565 692 1590 nos
714 1560 758 1591 et
797 1551 1043 1605 Capitulum
1065 1559 1255 1591 nostrum
1279 1558 1352 1590 aut
1386 1548 1597 1590 Ordinem

60 1619 250 1651 nostrum
284 1608 541 1662 hujusmodi,
566 1623 640 1647 seu
663 1617 820 1649 statum
841 1619 884 1649 et
907 1609 1131 1649 utilitatem
1160 1606 1421 1649 Universalis
1448 1605 1598 1646 Eccle-

59 1667 132 1708 siae
164 1667 528 1723 qualitercumque
548 1666 911 1716 concernentibuS,
935 1666 977 1706 in
998 1666 1195 1720 proximo
1219 1664 1422 1706 Generali
1447 1664 1598 1704 Consi-

59 1726 152 1766 silio
189 1725 304 1780 apud
339 1724 562 1773 Basileam,
593 1738 666 1764 seu
688 1723 800 1774 alibi,
824 1739 901 1778 per
931 1724 1237 1765 sanctissimum
1260 1723 1302 1762 in
1327 1721 1498 1764 Christo
1519 1736 1595 1776 pa-

61 1793 166 1825 trem
184 1793 226 1824 et
241 1782 458 1824 dominum
472 1780 690 1821 dominum
707 1781 963 1836 Eugenium,
981 1782 1123 1822 divina
1137 1779 1411 1835 providencia
1427 1780 1593 1833 Papam

58 1850 257 1898 quartum
279 1855 352 1881 seu
385 1839 474 1893 ejus
497 1838 761 1889 auctoritate,
785 1840 1054 1889 celebrando,
1079 1848 1151 1880 aut
1173 1839 1215 1878 in
1241 1838 1436 1879 Romana
1459 1837 1593 1877 Curia

58 1899 196 1949 motis,
220 1898 356 1948 tactis,
381 1896 604 1937 movendis
641 1911 715 1938 seu
738 1897 987 1952 tangendis3
1011 1912 1059 1938 ac
1082 1898 1229 1938 damus
1251 1905 1295 1937 et
1318 1893 1590 1936 concedimus

58 1956 181 1998 dictis
198 1954 541 2011 procuratoribus
564 1954 717 1995 nostris
739 1964 994 2010 potestatem
1017 1955 1260 2012 generalem
1282 1963 1325 1995 et
1343 1953 1592 1994 mandatum

57 2015 251 2069 speciale,
276 2021 422 2055 nostro
443 2012 628 2062 nomine,
652 2021 694 2053 et
717 2013 849 2055 tocius
875 2013 1059 2068 Capituli
1081 2011 1273 2067 praedicti
1296 2021 1339 2053 et
1371 2010 1473 2052 dicti
1509 2010 1591 2051 Or-

57 2073 167 2114 dinis
197 2070 426 2126 provinciae
464 2069 712 2124 Anglicanae
735 2072 777 2111 in
803 2071 992 2113 Consilio
1019 2070 1233 2120 Generali,
1272 2069 1492 2124 praedicto,
1515 2074 1588 2108 etc.

62 2131 112 2172 In
135 2144 313 2186 quorum
336 2127 525 2170 omnium
548 2128 835 2170 testimonium
857 2129 992 2184 sigilla
1018 2137 1163 2169 nostra
1183 2127 1462 2182 praesentibus
1494 2133 1591 2165 sunt

58 2203 254 2242 appensa.
320 2188 436 2228 Data
471 2185 514 2225 in
548 2185 670 2226 dictis
705 2188 860 2228 nostris
896 2186 1176 2236 monasteriis,
1210 2185 1358 2226 ultimo
1395 2185 1464 2225 die
1496 2184 1588 2225 De—

57 2246 250 2296 cembris,
279 2260 392 2286 anno
420 2242 597 2284 Domini
618 2244 839 2286 millesimo
864 2252 1025 2286 ccccmo
1054 2243 1267 2284 tricesimo
1289 2241 1489 2292 secundo,
1512 2246 1584 2282 etc.

822 2776 846 2803 P
871 2765 895 2802 z
