1807 2962
398 79 670 113 APPENDIX.
702 77 819 109 ANN.
849 75 1157 108 mccccxxrv.
1434 53 1575 102 ccxiii

45 198 134 231 tum
172 188 390 230 dominum
431 188 594 242 Regem
631 185 697 226 vel
728 183 904 226 heredes
925 197 1022 223 suos
1059 181 1334 235 imposterum
1358 174 1574 224 faciendis,

44 249 207 289 ratione
241 260 436 288 vasorum
474 253 787 299 argenteorum,
810 241 1003 290 calicum,
1027 238 1229 286 crucium,
1265 235 1442 276 aliorum
1459 235 1578 288 joca-

44 305 163 355 lium,
187 313 229 346 et
249 305 460 345 bonorum
483 303 585 344 dicti
610 299 863 343 Monasterii
884 300 939 340 de
964 297 1185 345 Fontibus,
1208 293 1376 334 cuidam
1400 290 1577 331 domino

43 362 232 405 Johanni
258 361 487 417 Wyndhill
519 359 675 402 rectori
711 358 900 400 ecclesiae
933 356 987 397 de
1025 351 1251 408 Arneclyff
1278 364 1355 405 pro
1382 346 1577 389 ducentis

43 421 195 462 marcis
216 433 295 475 per
315 418 531 475 quendam
553 418 773 471 Rogerum
794 415 936 456 Frank
953 410 1235 454 Abbatem‘de
1253 406 1460 449 Fontibus
1475 404 1574 446 olim

42 493 86 520 se
107 477 433 533 pretendentem
456 474 852 532 impignoratorum,
869 483 912 514 et
932 471 1091 513 eisdem
1110 468 1249 510 Priori
1266 474 1310 507 et
1333 463 1578 506 Conventui

42 550 121 590 pro
137 536 253 577 salva
268 535 461 577 custodia
474 532 706 574 eorundem
726 546 873 571 versus
895 528 1145 584 praedictum
1163 526 1189 567 J
1192 524 1403 566 ohannem
1419 520 1579 562 delibe-

41 604 233 636 ratorum
269 601 312 634 et
347 606 403 633 ex
439 605 643 632 consensu
677 588 780 629 dicti
798 586 1006 629 Johannis
1027 585 1185 627 eisdem
1212 580 1369 623 Abbati
1392 589 1435 621 et
1460 578 1580 619 Con-

45 651 190 693 ventui
222 665 298 706 per
329 649 556 705 praedictos
579 647 770 689 Priorem
807 655 851 686 et
874 646 1145 686 Conventum
1177 639 1448 696 postmodum
1484 636 1580 677 red-

42 710 243 759 ditorum,
267 707 380 764 qnod
405 717 504 748 tunc
538 706 700 747 dictum
733 704 936 758 scriptum
965 701 1266 756 obligatorium
1290 697 1344 739 de
1365 693 1580 752 praedictis

44 767 236 809 ducentis
259 765 406 807 marcis
428 779 505 819 pro
526 763 643 804 nullo
675 762 909 803 habeatnr:
942 758 1130 815 alioquin
1151 766 1235 798 stet
1257 757 1299 797 in
1323 770 1399 795 suo
1421 752 1578 793 robore

45 834 89 867 et
123 824 295 866 virtute.
363 823 411 864 In
447 821 568 876 cujus
603 819 665 861 rei
701 818 1006 868 testimonium,
1031 826 1116 859 tam
1153 814 1351 871 praedicti
1382 811 1505 853 Prior
1538 818 1582 850 et

50 884 300 925 Conventus
324 879 622 921 Dunelmensis
656 877 729 918 uni
763 876 873 932 parti
906 876 1029 931 hujus
1061 874 1301 915 indenturae
1322 884 1450 926 penes
1471 882 1582 923 prae-

46 942 184 982 dictos
210 939 420 980 Abbatem
457 946 499 978 et
521 937 796 978 Conventum
832 933 1072 976 remanenti
1102 930 1287 986 sigillum
1312 943 1434 970 suurn
1465 940 1583 967 com-

47 1013 175 1039 mune
211 1003 515 1051 apposuerunt,
554 1008 680 1050 quam
712 991 909 1048 praedicti
945 991 1089 1032 Abbas
1123 999 1170 1031 et
1193 989 1439 1031 Conventus
1461 984 1584 1026 alteri

48 1055 157 1110 parti
189 1054 315 1109 hujus
351 1053 589 1094 indenturae
625 1066 753 1106 penes
774 1049 1003 1105 praedictos
1029 1047 1221 1089 Priorem
1242 1054 1287 1088 et
1310 1046 1583 1088 Conventum

50 1113 388 1155 Dunolmensem
411 1109 658 1158 remanenti,
682 1108 866 1165 sigillum
888 1122 1010 1147 suum
1032 1120 1256 1147 commune
1277 1099 1583 1158 apposuerunt,

51 1170 169 1212 Data
189 1169 415 1211 undecimo
436 1167 505 1210 die
530 1166 699 1225 ApriliS,
718 1180 830 1207 anno
847 1163 1026 1208 Domini
1049 1162 1452 1205 millesimoccccmo
1473 1158 1583 1199 viee„

46 1229 157 1271 ,simo
177 1236 343 1286 quarto„

185 1517 439 1546 CLXXXVIII.
511 1516 739 1545 REcm’cro
801 1515 1018 1545 SCOLARIS
1076 1514 1123 1542 IN
1178 1512 1449 1541 COLLEGIUM

723 1574 926 1605 OXONIAE.

580 1667 685 1712 [Reg.
702 1667 755 1699 ΙΙ.
773 1667 873 1700 Ρᾶῑν.
891 1666 914 1700 f.
934 1669 988 1699 29.
1006 1667 1057 1710 b.,]

114 1760 340 1804 Carissime
381 1759 608 1810 confrater,
651 1758 762 1815 quia,
801 1767 849 1800 ut
889 1758 1179 1801 intelleximus
1209 1759 1418 1800 Ricardus
1454 1758 1584 1814 Clyff,

53 1834 190 1874 nuper
211 1819 381 1860 scolaris
405 1818 589 1871 Collegit
607 1816 740 1857 nostri
755 1818 801 1857 in
826 1816 999 1858 Oxonia
1020 1817 1191 1858 recessit
1213 1817 1266 1858 de
1289 1817 1458 1866 eodem,
1482 1816 1587 1857 inibi

52 1892 139 1918 non
160 1877 339 1932 amplius
362 1883 614 1924 moraturUS,
638 1873 796 1915 idcirco
811 1874 1007 1915 volumus
1021 1882 1065 1915 et
1087 1875 1348 1927 mandamus,
1371 1874 1404 1915 si
1425 1873 1485 1915 ita
1506 1883 1587 1923 est,

48 1934 253 1991 quatinus
286 1934 528 1976 Johannem
568 1932 740 1973 Fenton
768 1931 973 1973 <clericum
995 1932 1049 1973 de
1074 1932 1393 1981 Houedenshir,
1418 1946 1491 1987 per
1513 1946 1589 1973 nos

53 2001 98 2034 et
129 1992 360 2033 confratres
401 1999 568 2031 nostros
604 1988 830 2046 diligenter
863 1989 1151 2032 examinatum
1188 2000 1230 2032 et
1261 1990 1506 2039 admissum,
1544 1989 1590 2030 in

52 2050 259 2091 scolarem
285 2048 467 2103 Collegii
502 2047 634 2088 nostri
668 2047 887 2097 antedicti,
911 2048 1007 2089 loco
1038 2048 1167 2103 ipsius
1188 2048 1376 2098 Ricardi,
1399 2048 1453 2089 ad
1476 2047 1590 2088 idem

58 2107 301 2164 Collegium
317 2106 437 2147 -citra
471 2105 626 2146 festum
657 2104 793 2146 sancti
817 2105 1257 2160 Michaelisproxime
1279 2106 1467 2147 futurum
1487 2104 1592 2146 reci—

55 2164 195 2219 piatur
224 2163 514 2206 favorabiliter
546 2177 643 2204 curn
681 2162 851 2213 effectu,
875 2163 1099 2220 exigentes
1125 2163 1419 2204 nichilominus
1441 2163 1495 2203 ab
1517 2177 1591 2203 eo-

48 2223 155 2263 dem
171 2222 465 2276 juramentum
485 2220 707 2275 corporale
731 2220 786 2261 ad
802 2222 1012 2262 servanda
1029 2230 1188 2262 statuta
1201 2230 1245 2261 et
1259 2219 1591 2261 consuetudines

56 2279 162 2320 dicti
184 2278 366 2333 Collegii
384 2278 516 2319 nostri
535 2277 768 2318 secundum
790 2278 904 2333 quod
926 2278 995 2318 alii
1012 2279 1193 2319 scolares
1211 2277 1252 2318 in
1271 2277 1407 2333 ipsum
1431 2276 1594 2330 recepti

50 2337 197 2391 jurare
218 2336 412 2377 solebant
433 2334 692 2390 temporibus
713 2337 951 2378 retroactis.
1012 2336 1055 2376 <V
1058 2336 1216 2376 alentes
1238 2350 1335 2376 cum
1359 2330 1594 2376 Deibene-

59 2394 251 2434 diccione
287 2405 331 2435 et
367 2401 524 2436 nostra.
590 2392 757 2446 Scripta
789 2391 1010 2441 Dunelmi‚
1045 2392 1084 2432 in
1117 2392 1228 2433 festo
1258 2392 1391 2434 sancti
1424 2391 1593 2433 Mathei.

60 2450 276 2507 Apostoli,
298 2465 409 2493 anno
432 2449 609 2492 Domini
630 2449 854 2491 millesimo
872 2454 1034 2491 ccccmo
1057 2454 1260 2491 xxnum.

790 2792 876 2829 03
