1807 2962
450 134 730 168 APPENDIX.
771 130 892 166 ANN.
922 131 1246 166 MCCCXLVIII.
1477 138 1622 169 CXXXV

80 245 176 287 tatis
211 242 446 299 praedicare
469 258 554 285 non
578 242 717 292 liceat,
741 241 821 283 nisi
844 241 896 283 ab
920 240 1103 296 ipsarum
1126 241 1396 283 ecclesiarum
1424 242 1620 285 Rectori-

78 304 158 345 bus
194 303 261 344 vel
292 301 519 357 capellanis
550 300 862 356 parochialibus
896 299 1061 341 invitati
1093 299 1249 340 fuerint
1282 299 1350 340 vel
1375 301 1526 350 vocati,
1553 304 1617 343 vel

75 361 295 403 licenciam
316 358 512 414 petierint
535 368 579 400 et
602 356 866 413 optinuerint
888 357 941 399 ab
963 358 1137 407 eisdem,
1161 357 1312 398 diebus
1330 357 1549 399 dominicis
1573 360 1614 402 in

77 418 430 473 Quadmgesima,
450 418 516 459 vel
539 416 629 458 aliis
654 424 699 457 ut
721 417 1009 471 praemittitur,
1035 416 1186 472 quibus
1209 416 1359 457 eodem
1382 416 1450 457 die
1472 431 1617 458 mona-

75 477 180 519 chus
212 477 274 518 vel
309 475 413 517 alius
445 477 537 516 vice
566 483 710 515 nostra
732 474 1038 529 praedicaturus
1060 474 1188 515 fuerit
1210 475 1251 514 in
1273 473 1452 515 ecclesia
1472 484 1618 516 nostra

80 534 341 584 Cathedrali,
380 533 588 575 cimiterio
622 532 825 587 ejusdem,
863 532 929 572 vel
962 532 1141 573 ecclesia
1173 532 1384 582 Gallileae,
1418 533 1515 588 ipsis
1550 548 1615 574 rc-

74 593 232 649 ligiosis
257 593 322 634 vel
344 591 432 633 aliis
455 592 508 634 ad
532 590 855 646 praedicandum
874 591 917 631 in
940 589 1037 645 ipsis
1060 589 1246 631 ecclesiis
1269 599 1366 632 ante
1388 591 1615 645 prandium

76 667 100 693 a
134 651 250 693 vobis
272 649 449 693 concedi
472 648 693 691 licenciam
714 648 912 688 nolumus
934 649 1021 689 ullo
1045 648 1188 697 modo,
1213 648 1291 688 nisi
1314 650 1450 703 maj0r
1472 663 1617 690 neees-

75 709 176 751 sitas
197 709 277 750 hoc
298 707 491 765 requirit,
515 716 588 748 aut
609 722 634 748 a
655 706 779 747 nobis
795 706 1097 748 auctoritatem
1110 706 1335 761 specialem
1354 707 1617 749 ostenderint

77 784 123 809 se
154 768 325 811 habere.
390 767 505 807 Data
536 765 576 806 in
612 766 764 806 Castro
787 773 934 805 nostro
957 765 1165 808 Dunolm.
1191 774 1344 805 octavo
1366 766 1437 806 die
1461 768 1614 806 mensis

77 826 292 876 februarii,
330 840 445 866 anno
482 823 659 866 Domini
697 822 918 863 millesimo
953 828 1074 865 ccc¹¹¹⁰
1108 823 1439 880 quadragesimo
1475 835 1612 865 sexto,

80 882 138 926 Et
162 893 318 926 nostrae
341 881 673 925 consecrationis
696 880 898 924 secundo.

323 1001 524 1042 Rem-ains
544 999 598 1052 qs
607 1013 634 1039 cz
654 1003 756 1039 most
775 999 977 1052 beautificl
994 1000 1082 1040 seal
1103 1001 1145 1040 in
1168 1001 1242 1040 red
1261 1013 1367 1040 wax.

199 1233 317 1267 exvl.
363 1237 532 1264 LlTERA
578 1233 668 1266 PRO
719 1238 955 1270 RELIQUIIS
1005 1239 1298 1268 TRANSMlSSlS
1347 1242 1498 1269 Ex'rRA

393 1295 732 1324 MONASTERIUM
755 1297 923 1323 ABBATI
948 1297 1005 1323 DE
1031 1297 1305 1326 LEYCESTRE.

674 1375 778 1418 [Reg.
797 1374 849 1406 11.
866 1374 888 1406 f.
907 1376 967 1406 132
986 1375 1035 1415 b.]

142 1449 322 1492 Eximiae
359 1450 572 1505 religionis
615 1450 727 1502 viris,
771 1451 1083 1493 venerabilibus
1126 1461 1169 1494 et
1211 1452 1414 1503 discretis,
1440 1454 1617 1496 domino

79 1507 242 1551 Abbati
277 1509 331 1550 de
370 1510 614 1565 Leycestre,
655 1519 698 1551 et
731 1507 922 1565 ejusdem
960 1511 1088 1551 coetui
1111 1512 1368 1567 venerando,
1398 1509 1614 1555 ,Iohannes

78 1565 202 1609 Prior
235 1567 422 1609 ecclesiae
460 1568 763 1609 Dunolmensis
800 1577 844 1609 et
877 1569 1066 1624 ejusdem
1100 1569 1181 1610 Ioci
1221 1568 1467 1611 Conventus
1502 1587 1614 1613 verae

77 1625 261 1667 caritatis
296 1625 522 1674 incentiva,
562 1641 658 1681 quae
695 1626 858 1667 dulcius
891 1639 1142 1668 emanarunt
1173 1627 1226 1669 de
1254 1628 1385 1670 latere
1407 1630 1613 1671 crucifixi.

77 1679 239 1725 Dileeti
270 1683 391 1724 nobis
424 1684 467 1723 in
502 1682 673 1724 Christo
699 1685 975 1725 concanonici
997 1685 1138 1735 vestri,
1164 1683 1302 1726 fratris
1329 1685 1536 1728 Willelmi
1559 1689 1615 1730 de

79 1739 432 1791 Hextildesham,
455 1741 560 1781 moti
596 1739 829 1783 devocione
864 1743 1144 1799 precibusque
1177 1744 1405 1785 lacrimosis
1439 1746 1615 1787 excitati

77 1799 229 1854 saepius
262 1808 304 1841 et
337 1798 507 1855 pulsati,
542 1809 589 1840 ut
621 1800 674 1856 de
698 1800 882 1856 reliquiis
905 1801 1044 1842 sancti
1069 1799 1298 1844 Cuthberti
1323 1803 1437 1844 vobis
1460 1813 1504 1845 et
1526 1820 1616 1845 mo-

76 1857 262 1899 nasterio
294 1866 435 1899 vestro
457 1857 663 1912 impertiri
683 1859 917 1915 graciosius
939 1857 1223 1913 dignaremur,
1260 1861 1377 1902 vobis
1400 1863 1615 1918 quandam

75 1916 396 1971 porciunculam
427 1915 646 1969 cujusdam
679 1917 809 1971 panni
831 1915 874 1957 in
897 1932 982 1973 quo
1004 1914 1312 1959 sanctissimum
1337 1935 1489 1975 corpus
1512 1920 1615 1962 dicti

81 1971 348 2016 Confessoris
380 1989 457 2028 per
487 1972 820 2031 quadringentos
848 1975 996 2017 decem
1019 1987 1062 2016 et
1084 1984 1183 2031 octo
1205 1992 1337 2018 annos
1359 1989 1401 2019 et
1424 1978 1612 2035 quinque

76 2044 244 2074 menses
276 2040 319 2074 et
351 2032 411 2086 xij
443 2032 535 2073 dies
566 2042 658 2073 erat
688 2031 929 2074 involutum
962 2049 1037 2088 per
1059 2034 1225 2075 dictum·
1242 2035 1501 2077 confratrem
1523 2053 1616 2078 ves-

78 2099 191 2131 trum
224 2091 546 2131 transmittimus
577 2091 843 2146 presencium
866 2102 1155 2147 porrectorem
1176 2109 1187 2142 ;
1210 2092 1484 2136 attendentes
1506 2095 1616 2136 veri-

77 2145 268 2190 similiter
289 2147 407 2204 quod
425 2157 585 2204 quanto
606 2148 782 2205 alicujus
810 2150 953 2205 Sancti
976 2151 1166 2207 reliquiae
1188 2151 1363 2206 sparsim
1387 2161 1429 2193 et
1450 2153 1614 2194 habun-

79 2206 255 2247 dancius
276 2205 450 2247 diversis
473 2206 737 2248 monasteriis
760 2207 996 2257 mittantur,
1021 2208 1313 2264 adquirentur,
1338 2219 1380 2251 et
1400 2210 1615 2252 honoren-

79 2273 149 2305 tur
179 2264 425 2305 memoriter
450 2264 503 2305 ab
526 2264 696 2319 eisdem,
721 2272 843 2305 tanto
865 2265 1052 2319 ejusdem
1079 2267 1224 2307 Sancti
1246 2282 1403 2308 nomen
1425 2276 1466 2308 et
1489 2269 1615 2309 meri-

79 2330 169 2362 tum
201 2322 257 2362 ad
289 2321 374 2362 Dei
404 2322 578 2362 laudem*
604 2321 771 2363 recitari
803 2322 1023 2377 continget
1044 2323 1266 2373 celebrius,
1290 2325 1548 2380 solempnius
1571 2335 1615 2368 et

78 2378 240 2422 haberi.
307 2379 357 2419 In
389 2379 508 2433 cujus
539 2378 601 2420 rei
633 2379 923 2420 testimonium
956 2380 1140 2437 sigillum
1173 2390 1612 2425 nostrumccommune

78 2434 357 2492 praesentibus
379 2446 441 2477 est
462 2451 708 2491 appensum.
774 2437 890 2478 Data
914 2437 1131 2493 Dunolmi,
1156 2438 1199 2479 in
1225 2439 1427 2494 Capitulo
1449 2450 1609 2492 nostro,

79 2495 220 2549 xiiij¹¹¹0
253 2494 321 2535 die
352 2494 505 2536 mensis
536 2494 664 2545 Junfi,
698 2509 809 2536 anno
843 2495 1017 2536 Domini
1046 2495 1267 2539 millesimo
1289 2503 1410 2539 ccc-¹¹¹⁰
1433 2499 1620 2554 quadra-v

80 2567 245 2608 gestmo
267 2561 438 2595 octavo,-
