1807 2962
457 49 785 96 'wlLLIELM‘Us
812 62 880 94 DE
907 60 1176 94 GHAMBRE.
1488 50 1583 97 155

53 172 372 217 inserviebatur.
437 171 681 214 Liberalem
704 179 747 213 et
768 171 939 227 copiose
961 170 1212 213 instructam
1245 184 1435 214 mensam
1456 172 1588 216 habe-

53 235 141 277 bat.
209 230 337 287 Apud
361 230 580 286 Bearpark
596 230 747 272 domos
768 230 921 272 multas
943 237 1154 272 vetustate
1177 238 1451 286 consumptas
1467 245 1588 287 repa-

53 290 174 334 ravit.
238 287 491 332 Construxit
508 288 636 331 etiam
648 303 803 331 novam
825 289 965 330 aulam
983 288 1098 344 apud
1123 287 1379 344 Pittington,
1395 298 1589 332 vocatam

54 352 118 393 the
139 351 290 392 Priors
311 348 456 399 Halle,
487 363 586 390 cum
608 347 696 389 aliis
720 346 911 389 aedificiis
933 347 975 387 in
997 356 1227 404 utrumque
1249 348 1378 389 finem
1401 348 1592 404 ejusdem

55 408 164 451 aulae
185 408 374 449 annexis.
437 407 489 449 In
511 406 767 463 elemosynis
805 414 897 448 erat
923 405 1157 456 abundans,
1193 406 1235 446 in
1270 406 1455 461 puritate
1492 407 1592 449 vitae

55 466 291 509 laudabilis.
353 465 552 507 Tandem
573 473 715 507 tamen
737 479 822 506 una
842 478 939 506 cum
961 464 1163 520 episcopo
1188 464 1414 507 Tunstallo
1436 475 1480 508 et
1500 467 1590 523 ejus

56 524 308 568 cancellario
347 524 611 581 Hyndmers,
649 538 728 579 per
779 523 1009 565 Rinianum
1049 523 1235 565 Mennill
1266 532 1502 576 accusatus,
1538 525 1593 567 ad

59 583 302 626 Londinum
324 581 406 624 iter
426 598 549 624 suum
571 582 784 638 suscipere
809 585 912 637 [est]
937 582 1246 632 summonitus3
1279 582 1354 624 ubi
1386 582 1595 626 inusitatis

57 641 258 684 molestiis
281 641 480 698 agitatus,
505 656 561 682 ex
581 641 663 682 hac
684 640 772 682 vita
793 640 987 691 decessit,
1011 656 1122 682 anno
1144 641 1326 683 Domini
1362 654 1595 685 MDvam.

57 700 331 758 sepultusque
373 700 491 755 jacet
527 698 570 740 in
611 698 787 741 ecclesia
822 698 1122 751 Mineriorum,
1157 714 1292 755 prope
1334 700 1508 742 Turrim
1540 700 1595 743 de

59 760 258 802 London.
327 758 412 800 Iste
435 758 574 815 Hugo
594 757 675 799 fuit
696 757 945 800 novissimus
971 757 1095 800 Prior
1116 758 1305 801 ecclesiae
1328 758 1597 804 Dunelmen-

56 817 109 859 sis
131 827 174 861 et
194 817 386 874 ejusdem
407 816 567 873 primus
591 816 805 859 Decanus.

266 1119 366 1150 CAP.
390 1118 482 1148 xvl.
516 1118 575 1147 DE
599 1116 882 1147 CUTHBERTO
904 1115 1143 1145 TUNSTALL
1166 1117 1387 1150 EPISCOPO

719 1175 932 1204 DUNELM.

151 1269 411 1312 Cuthbertus
451 1269 652 1312 Tunstall
694 1270 920 1311 translatus
951 1269 1035 1312 fuit
1060 1271 1114 1312 ab
1137 1271 1398 1328 Episcopatu
1420 1275 1598 1320 Londo-

64 1328 200 1371 niensi
221 1329 276 1371 ad
308 1327 648 1370 Dunelmensem
680 1343 793 1369 anno
818 1327 994 1370 Domini
1016 1342 1194 1381 MDxxx,
1227 1345 1318 1372 xxv
1339 1332 1407 1375 die
1433 1333 1598 1389 Martii,

64 1387 220 1429 virtute
244 1387 385 1429 Bullae
406 1387 583 1428 directae
615 1403 640 1429 a
665 1387 785 1442 Papa
808 1387 1034 1429 Clemente
1057 1401 1136 1432 vn.
1160 1389 1216 1430 ad
1235 1389 1476 1434 Henmcum
1498 1408 1596 1440 vm.

62 1455 105 1487 et
126 1446 184 1487 sic
216 1461 295 1502 per
320 1446 458 1488 Breve
490 1445 652 1487 domini
680 1446 810 1500 Regis
842 1445 1000 1487 electus
1030 1456 1121 1488 erat
1142 1462 1257 1489 anno
1278 1457 1322 1490 et
1343 1449 1412 1492 die
1433 1467 1600 1507 praeno-

64 1504 243 1546 minatis.
319 1503 574 1546 Construxit
615 1520 640 1547 a
670 1504 805 1545 fundo
842 1516 1052 1560 porticum
1097 1505 1218 1548 valde
1260 1522 1513 1563 speclosum,
1557 1522 1600 1555 et

63 1563 267 1619 capellam
300 1562 337 1604 ei
369 1577 580 1604 annexam
611 1578 739 1617 opere
756 1563 1044 1614 caementario,
1069 1563 1112 1604 in
1133 1573 1273 1606 castro
1298 1566 1596 1616 Dunelmensi.

66 1621 320 1664 Construxit
350 1621 478 1663 etiam
500 1630 646 1676 portas
675 1621 833 1663 ferreas
869 1621 1057 1678 ejusdem
1080 1623 1205 1664 castri
1227 1639 1323 1665 cum
1346 1640 1474 1681 opere
1495 1629 1602 1685 lapi-

64 1680 146 1721 deo
179 1680 232 1721 ab
267 1689 446 1737 utraque
482 1688 616 1734 parte.
680 1681 820 1736 Aquae
851 1681 980 1721 etiam
1002 1681 1206 1732 canalem,
1231 1683 1389 1726 scilicet
1411 1701 1439 1727 a
1468 1688 1603 1731 Water

67 1740 254 1789 Conduit,
289 1739 344 1779 ad
376 1738 622 1788 lavandum,
656 1738 863 1788 fundavit,
898 1753 922 1778 a
943 1738 1109 1781 sinistra
1130 1749 1250 1794 parte
1270 1741 1470 1786 introitus
1492 1746 1601 1802 ejus-

65 1796 159 1838 dem
184 1797 322 1838 castri.
387 1797 641 1838 Construxit
673 1811 845 1853 quoque
866 1796 1077 1851 porticum
1099 1799 1215 1853 apud
1237 1801 1464 1844 Auckland
1482 1820 1493 1853 3
1527 1808 1601 1849 ubi

67 1854 195 1896 etiam
217 1855 414 1906 cubiculi,
439 1855 480 1896 in
515 1870 601 1912 quo
629 1856 877 1909 prandetur,
902 1855 1189 1898 summitatem
1212 1873 1379 1913 magnae
1400 1861 1602 1907 fenestrae

68 1913 258 1968 perfecit,
298 1928 374 1969 per
411 1913 626 1956 Thomam
666 1913 844 1955 Ruthall
880 1914 1097 1970 quondam
1133 1916 1380 1972 episcopum
1400 1920 1517 1976 prius
1538 1923 1602 1965 in-

68 1980 287 2027 coeptum3
321 1972 505 2029 aliasque
536 1972 827 2027 reparationes
859 1972 970 2013 circa
1004 1973 1178 2014 domum
1212 1977 1464 2030 praedictam
1486 1981 1601 2025 fecit.

71 2030 266 2072 Castrum
290 2031 414 2072 etiam
438 2031 551 2086 apud
576 2030 771 2072 Norham
793 2031 969 2071 diversis
991 2032 1033 2072 in
1055 2032 1159 2074 locis
1180 2037 1407 2088 reparavit.
1471 2039 1603 2083 Telo-

68 2087 209 2139 nium,
246 2089 438 2144 Anglice,
480 2091 545 2131 the
589 2091 725 2131 Towle
761 2090 908 2139 Booth,
943 2088 987 2131 in
1020 2090 1114 2132 foro
1157 2091 1436 2136 Dunelmensi
1473 2113 1602 2154 opere

69 2147 355 2198 caementario,
380 2162 474 2189 cum
507 2146 596 2189 aliis
619 2147 816 2189 domibus
838 2147 1088 2190 officialibus
1109 2149 1151 2190 in
1172 2153 1401 2206 posteriori
1422 2167 1542 2209 parte
1564 2159 1603 2200 ei

68 2206 267 2256 annexis;
298 2220 406 2262 quas
444 2207 572 2248 etiam
605 2206 766 2247 civibus
787 2206 1150 2249 Dunelmensibus
1171 2218 1323 2263 postea
1354 2211 1602 2259 donaverat.

69 2263 261 2305 Tertiam
283 2274 458 2319 partem,
481 2279 624 2306 versus
645 2272 850 2314 austrum,
874 2266 1019 2320 pontis
1041 2265 1094 2306 de
1120 2265 1247 2307 Novo
1271 2268 1439 2321 Castro,
1465 2276 1604 2316 vocati

77 2322 190 2374 Tyne
211 2324 384 2375 Bridye,
408 2337 538 2377 opere
568 2322 739 2377 lapideo
771 2331 813 2363 et
834 2321 991 2376 ligneo,
1015 2322 1123 2363 binis
1156 2324 1377 2378 sejunctim
1401 2333 1603 2385 tempori.

69 2379 160 2429 bus,
196 2381 368 2434 proprio
403 2388 573 2435 sumptu
610 2379 850 2435 reparavit:
896 2380 970 2421 sed
1006 2391 1225 2423 accusatus
1261 2398 1339 2438 per
1374 2385 1603 2433 Rinianum

73 2437 271 2488 Mennill,
296 2437 338 2478 in
356 2438 442 2478 fine
465 2438 586 2492 regni
610 2437 808 2479 Edwardi
828 2452 886 2487 VI,
911 2438 1015 2478 turri
1029 2448 1120 2480 erat
1141 2440 1328 2483 intrusus
1349 2446 1463 2498 apud
1486 2447 1603 2491 Lon-

71 2495 258 2546 doniam,
284 2503 326 2537 et
358 2496 660 2550 deprivabatur
682 2495 924 2550 Episcopali
958 2497 1073 2536 omni
1095 2499 1323 2541 autoritate
1338 2516 1350 2549 3
1382 2504 1437 2544 ad
1458 2520 1601 2561 quam,

71 2567 166 2593 cum
198 2553 379 2608 primum
413 2554 467 2595 ad
498 2554 685 2609 regalem
717 2553 891 2595 accessit
916 2554 1083 2609 Regina
1105 2556 1259 2606 Maria,
1283 2557 1327 2599 in
1349 2560 1600 2615 dignitatem

71 2626 234 2652 summo
271 2626 366 2653 cum
398 2611 561 2654 honore
593 2612 746 2654 iterum
777 2612 1109 2655 restaurabatur.
1178 2615 1226 2655 In
1257 2617 1373 2659 omni
1395 2634 1472 2662 suo
1496 2631 1603 2667 tem..

69 2683 172 2723 pore
194 2671 285 2725 pati
301 2670 440 2711 noluit
461 2686 515 2713 ne
532 2670 719 2726 lapidem
736 2670 833 2723 [ab]
851 2670 1041 2712 aedificiis
1062 2673 1145 2713 suis
1162 2673 1346 2731 antiquis
1367 2676 1412 2719 in
1433 2681 1599 2725 ruinam

71 2725 239 2783 dilapsis
273 2727 439 2770 auferri.
504 2728 724 2771 Familiam
767 2728 1045 2771 honorificam
1081 2746 1249 2787 semper
1281 2748 1425 2777 secum
1448 2741 1597 2792 tenuit,

70 2778 388 2843 honorificeque
424 2783 726 2830 attendebatur
761 2798 786 2828 a
822 2785 1037 2842 generosis
1069 2795 1112 2831 et
1134 2787 1375 2835 hominibus
1396 2792 1599 2850 plebeiies
