1807 2962
408 110 685 144 APPENDIX.
713 109 833 142 ANN.
862 111 1179 143 MCCCCXLVI.
1440 94 1577 148 ccciii

49 220 104 264 ad
125 218 341 274 placitum,
374 219 532 275 absque
567 217 819 267 indenturis,
852 232 932 271 pro
954 217 1028 271 xj¹.
1065 218 1134 272 ij.
1158 216 1260 272 viijd.
1290 231 1365 271 per
1396 231 1580 265 annum3

51 287 195 320 tamen
230 276 413 318 reddere
454 277 617 317 solebat
659 276 761 330 xiij¹.
806 275 875 330 ij.
898 274 1002 329 viijd.
1068 276 1261 316 Decasus
1290 275 1366 315 xls.
1401 275 1583 316 Stuffum

50 335 224 377 ibidem.
245 361 301 368 ——
324 333 374 374 In
400 334 545 389 primis
575 333 644 390 viij
677 334 809 374 boves
837 334 912 387 etj
937 346 1060 387 equa.
1127 332 1400 373 Seminantur
1428 332 1587 373 ibidem

52 407 146 436 xxx
178 405 287 433 acrae
317 406 412 432 cum
446 392 661 433 frumento
698 400 740 432 et
770 405 863 430 xxx
884 405 995 431 acrae
1017 404 1113 430 cum
1137 404 1284 432 avena.
1349 389 1586 443 Reparacio

51 450 175 492 unius
210 449 400 503 grangiae
441 464 538 490 cum
577 448 788 504 lapidibus
831 457 970 497 tectae,
1006 447 1129 488 unius
1160 447 1363 497 bomriae,
1396 447 1587 487 similiter

53 523 151 550 cum
171 506 381 561 lapidibus
403 516 631 561 coopertae,
655 516 698 547 et
719 505 841 546 unius
863 504 1046 560 granarii
1075 504 1248 553 ibidem,
1273 514 1502 546 assessatur
1533 504 1588 545 ad

54 566 159 620 xiij¹.
192 567 263 619 ij.
290 563 393 619 viijd.
455 564 670 606 Johannes
712 562 955 619 Berehalgh
985 571 1103 603 tenet
1138 562 1192 603 ad
1214 563 1381 603 firmam
1403 562 1588 603 diversas

55 625 267 666 clausuras
290 621 464 672 ibidem,
497 637 592 662 cum
607 624 623 677 j
644 621 831 676 parcella
867 620 976 675 prati
1007 622 1136 674 juxta
1157 634 1311 675 aquam
1331 620 1385 661 de
1410 620 1586 670 Weere,

54 689 206 724 vocata
247 679 395 736 Riege,
419 688 461 721 et
482 679 624 720 reddit
645 693 723 733 per
744 693 900 719 annum
922 677 1072 733 xlviij-⁹⁴.

118 738 401 779 BROMPTON.
476 736 669 778 Heredes
714 734 942 777 Willielmi
987 735 1194 790 Tempest
1236 742 1389 777 tenent
1429 734 1590 775 ibidem

54 797 188 839 libere
224 796 311 836 duo
343 794 561 849 mesuagia
593 805 636 835 et
669 803 768 834 octo
789 794 964 835 bovatas
987 801 1125 842 terrae,
1149 802 1193 834 et
1213 793 1398 834 reddunt
1419 808 1497 848 per
1517 807 1592 833 an-

56 869 157 896 num
194 857 284 894 xvs.
344 852 561 894 Johannes
599 852 819 893 Thomson
859 859 977 892 tenet
1013 850 1173 892 ibidem
1195 851 1250 892 ad
1273 852 1437 892 firmam
1461 864 1592 890 unum

57 912 212 954 toftum
245 919 287 952 et
304 911 501 960 croftum,
526 918 570 951 et
591 909 732 950 reddit
754 924 832 964 per
852 923 1009 949 annum
1033 908 1108 963 iijs.
1131 908 1205 963 vjd.
1271 908 1455 950 Orreum
1478 906 1593 948 deci..

57 970 168 1012 male
190 968 349 1009 ibidem
367 967 410 1009 in
427 983 556 1009 manu
569 966 745 1009 Domini
763 984 775 1015 3
800 975 942 1008 tamen
960 966 1142 1008 reddere
1160 967 1324 1008 solebat
1342 981 1418 1021 per
1435 979 1593 1007 annum

57 1027 134 1083 iijs.
158 1026 231 1081 vjd.
297 1026 433 1067 Vasta
454 1026 524 1080 iijs.
548 1025 623 1080 vjd.

120 1086 389 1126 ALVERTON.
452 1084 652 1132 Quatuor
688 1081 857 1137 cotagia
891 1082 934 1122 in
971 1082 1120 1124 eadem
1158 1082 1257 1123 villa
1290 1081 1477 1124 reddunt
1517 1095 1594 1135 per

59 1157 218 1185 annum
240 1142 344 1196 xij.

124 1200 432 1243 OTRYNGToN.
500 1198 701 1239 Heredes
737 1198 941 1252 Hugonis
970 1197 1023 1238 de
1048 1196 1423 1253 Northotryngton
1447 1204 1594 1237 tenent

59 1257 216 1299 ibidem
252 1257 384 1298 libere
409 1271 538 1296 unum
561 1255 739 1310 capitale
761 1256 1022 1310 mesuagium
1045 1270 1140 1296 cum
1163 1255 1254 1295 aliis
1277 1255 1397 1296 terris
1420 1254 1591 1303 ibidem,

59 1330 138 1371 pro
159 1315 311 1371 quibus
333 1314 562 1355 redderent
583 1313 800 1354 annuatim
821 1313 913 1368 iiijd.
934 1329 945 1363 ;
969 1323 1109 1355 tamen
1129 1312 1253 1353 nichil
1271 1312 1470 1362 reddunt,
1495 1311 1594 1367 quia

61 1373 245 1414 nescitur
268 1371 338 1413 ubi
360 1372 488 1412 dictae
510 1381 636 1412 terrae
652 1373 810 1427 jacent.

121 1431 390 1472 WoDHALL.
455 1429 629 1470 Tenens
662 1428 819 1470 ibidem
854 1426 995 1470 reddit
1028 1442 1103 1482 per
1136 1442 1294 1469 annum
1320 1427 1425 1482 vijs„
1449 1434 1593 1469 tamen

60 1488 240 1532 reddere
262 1487 424 1529 solebat
445 1488 520 1542 ij.
583 1487 774 1529 Decasus
795 1486 886 1541 iiijs.

119 1546 394 1587 PENSIONES.
457 1545 526 1585 De
563 1552 729 1585 rectore
764 1544 818 1585 de
866 1543 1031 1599 Holtby
1059 1547 1177 1586 XXVS.
1243 1542 1312 1583 De
1340 1541 1595 1583 Hostillario

61 1618 139 1659 pro
169 1603 347 1645 ecclesia
382 1603 527 1644 Sancti
554 1601 740 1642 Oswaldi
762 1601 846 1655 vij¹.
907 1601 978 1643 De
1000 1600 1179 1642 ecclesia
1199 1600 1252 1640 de
1281 1600 1598 1655 Whelpyngton

62 1666 155 1704 xxs.
223 1661 291 1702 De
328 1660 508 1701 ecclesia
542 1659 595 1700 de
637 1658 915 1714 Ovyngeham
949 1663 1009 1699 XS.
1071 1659 1143 1699 De
1180 1657 1357 1699 ecclesia
1378 1658 1432 1698 de
1458 1658 1597 1698 Haut-

62 1718 164 1759 wisil
201 1719 273 1773 ij.
310 1718 411 1772 viijd.
473 1718 544 1758 De
583 1716 759 1757 ecclesia
794 1716 847 1756 de
887 1715 1202 1772 Heighyngton
1239 1715 1327 1769 liij³.
1366 1714 1459 1769 iiijd,
1525 1715 1595 1756 De

68 1776 318 1818 Hostillario
333 1790 409 1830 pro
424 1774 656 1829 praebenda
670 1784 927 1815 carectarum
945 1773 1032 1816 xx¹.
1097 1773 1166 1814 De
1189 1772 1366 1814 ecclesia
1387 1773 1441 1814 de
1464 1772 1598 1813 Alde-

63 1843 171 1883 stou,
205 1849 302 1890 quae
332 1832 513 1873 reddere
544 1832 709 1873 solebat
740 1846 818 1886 pro
851 1833 1056 1885 pensione
1089 1845 1165 1886 per
1201 1845 1357 1871 annum
1390 1830 1464 1885 iijs.
1489 1829 1596 1886 iiijd„

63 1891 195 1933 nichil
227 1891 295 1932 hic
327 1899 557 1938 oneratur3
590 1905 641 1930 eo
663 1889 778 1944 quod
802 1888 926 1930 Prior
946 1889 1000 1930 de
1026 1888 1231 1929 Hexham
1254 1888 1419 1929 detinet
1439 1888 1599 1929 dictam

63 1951 310 2005 pensionem
348 1963 426 2001 pro
461 1948 596 1988 libero
628 1946 797 1988 redditu
832 1961 957 2002 quem
996 1946 1150 1987 clamat
1184 1947 1238 1987 de
1264 1945 1389 1987 certis
1413 1945 1534 1986 terris
1556 1945 1599 1986 in

63 2008 166 2048 villa
195 2007 249 2048 de
284 2007 441 2062 Helay.
504 2005 599 2046 Nec
631 2005 685 2046 de
707 2004 908 2059 pensione
931 2003 1020 2058 liijs.
1043 2003 1133 2060 iiijd.
1157 2003 1302 2044 debita
1322 2018 1399 2058 per
1424 2003 1600 2058 Praepo-

64 2066 191 2107 situm
213 2063 403 2106 eeclesiae
424 2062 663 2117 collegiatae
685 2063 738 2104 de
764 2061 1164 2117 Hemmyngburgh,
1188 2076 1265 2116 pro
1286 2061 1599 2116 indempnitate

66 2123 254 2179 ejusdem
287 2122 505 2170 ecclesiae3
539 2136 590 2162 eo
623 2120 739 2177 quod
768 2128 996 2174 proventus
1020 2119 1146 2160 dictae
1168 2119 1360 2160 ecclesiae
1382 2133 1466 2159 non
1488 2118 1599 2159 suffi-

66 2181 183 2222 ciunt
205 2181 260 2222 ad
281 2195 413 2221 onera
434 2179 737 2233 supportanda,
761 2188 809 2218 ut
830 2177 921 2232 ipse
947 2177 1207 2231 Praepositus
1230 2177 1402 2231 allegat.

128 2239 418 2283 PERQmslTA
446 2250 628 2277 LIBERAE
661 2249 813 2276 CURIAE
846 2249 902 2275 ET
936 2247 1278 2275 HALMoToRUM.
1340 2235 1411 2275 De
1453 2233 1598 2274 liberis

65 2296 309 2338 tenentibus
331 2309 410 2350 pro
432 2294 588 2335 finibus
620 2301 663 2334 et
694 2292 820 2334 sectis
851 2292 998 2333 liberae
1030 2293 1159 2333 curiae
1191 2292 1303 2332 clare
1333 2305 1410 2345 per
1441 2305 1599 2331 annum

65 2356 204 2410 xxij.
227 2353 320 2408 ijd.;
353 2361 394 2393 et
416 2367 503 2392 non
525 2351 632 2405 plus,
661 2366 712 2392 eo
733 2350 849 2406 quod
880 2350 1036 2391 diversi
1065 2349 1190 2390 liberi
1220 2357 1414 2390 tenentes
1446 2348 1600 2390 nolunt

66 2411 185 2468 sequi
218 2411 376 2452 dictam
412 2408 573 2451 curiam
602 2407 680 2450 nisi
713 2407 1034 2461 distringantur.
1097 2406 1166 2447 De
1200 2406 1440 2462 perquisitis
1472 2405 1600 2447 trium

67 2470 353 2512 halmotorum
375 2466 507 2509 nichil
527 2466 596 2507 hic
618 2474 832 2515 oneratur,
857 2480 909 2506 eo
930 2465 1044 2521 quod
1068 2464 1251 2505 casualia
1280 2472 1391 2515 sunt,
1426 2471 1469 2505 et
1500 2464 1599 2506 ideo

67 2543 155 2570 non
175 2535 352 2582 possunt
373 2525 571 2568 assessari
592 2524 646 2566 ad
667 2532 828 2565 certam
853 2537 1074 2564 summam.

129 2586 416 2630 PERQmsrrA
449 2595 820 2625 JURISDICCIONIS
844 2595 899 2621 ET
915 2594 1219 2622 SINODALIUM.
1271 2581 1342 2622 De
1356 2579 1598 2636 perquisitis

62 2643 379 2698 jurisdiccionis
401 2650 443 2683 et
464 2640 717 2682 sinodalium
738 2654 818 2694 pro
838 2639 988 2693 majori
1011 2649 1131 2694 parte
1153 2637 1280 2679 nichil
1311 2638 1425 2679 ultra
1445 2638 1598 2688 feoda3

70 2701 169 2744 ideo
191 2716 276 2744 non
297 2708 529 2744 onerantur
549 2699 631 2751 hic,
657 2713 735 2741 nec
758 2706 1019 2740 assessantur
1040 2697 1094 2739 ad
1117 2696 1302 2754 aliquam
1324 2711 1544 2740 summam.
