1807 2962
480 79 756 115 APPEme.
780 82 901 113 ANN.
931 81 1277 113 mccccxcim.
1393 70 1616 119 ccclxxxi,

79 203 123 231 as
157 200 253 243 may
290 188 343 229 be
379 197 488 230 most
520 199 564 231 to
601 189 678 246 hys
711 189 920 244 pleasour.
985 189 1084 230 And
1120 203 1165 229 as
1194 188 1260 230 for
1281 203 1352 245 my
1375 190 1535 234 licence
1558 193 1615 235 ad-

79 246 323 302 eligendum
361 246 381 287 Ι
418 247 526 288 have
560 263 606 288 so
643 246 827 302 providit
855 246 887 287 it
909 245 1003 287 that
1025 246 1056 286 it
1078 246 1183 286 shall
1205 246 1258 288 be
1280 247 1483 303 delyverd
1506 262 1611 292 unto

77 319 162 359 you
196 304 316 345 when
352 319 405 359 ye
427 305 531 346 shall
568 305 654 346 like
692 313 736 346 to
757 303 996 346 demaunde
1018 304 1049 344 it
1071 303 1121 345 of
1146 318 1216 360 my
1238 306 1481 357 substitute,
1504 322 1612 362 your

78 362 228 403 frende
270 362 356 402 and
398 363 527 413 lover,
561 363 733 404 maister
781 362 917 404 Rauff
953 361 1083 411 Both,
1126 361 1409 405 chaunnceler
1447 365 1497 406 of
1541 366 1614 407 the

80 419 376 474 Bishopprick,
409 420 550 461 whom
575 421 594 462 Ι
618 420 727 462 have
749 420 853 471 also,
877 420 943 461 for
963 419 1040 476 hys
1063 433 1233 475 conyng
1254 420 1291 461 &
1314 431 1459 463 vertue
1480 423 1517 463 &
1541 424 1613 465 the

78 477 174 519 love
208 478 301 518 that
334 477 386 519 he
419 478 558 519 berith
592 488 696 519 unto
717 493 820 535 you,
851 477 1072 533 ordeyned
1095 487 1138 518 to
1160 477 1213 518 be
1237 478 1309 520 the
1331 479 1547 521 directour
1568 482 1618 521 of

78 550 189 591 your
220 535 425 577 eleccion.
490 536 588 577 And
622 535 688 576 for
714 550 848 591 youre
870 535 1011 590 goode
1034 535 1165 590 spede
1193 535 1213 576 I
1233 536 1341 578 shall
1363 536 1489 593 dayly
1511 553 1613 593 pray

80 602 127 634 to
158 593 229 634 the
254 593 374 648 Holy
393 595 503 635 Gost
526 594 563 635 &
587 594 722 650 Saynt
742 594 967 641 Cuthbert,
993 601 1038 633 to
1059 593 1198 633 whom
1222 594 1324 635 with
1345 595 1398 636 all
1423 611 1493 651 my
1515 596 1611 637 hert

79 650 179 692 thus
218 651 237 691 Ι
270 652 490 692 committe
527 666 628 706 you.
696 653 754 692 At
791 651 1060 705 Canterbury
1095 650 1167 692 the
1197 666 1252 692 xv
1275 652 1359 708 day
1381 653 1431 695 of
1460 654 1611 709 Aprill,

79 708 180 750 with
211 708 285 750 the
321 709 464 750 hande.
498 709 548 750 of
572 724 681 765 your
717 709 874 764 loveng
910 707 1086 750 brother

920 798 1154 841 Rmmmus
1186 800 1553 847 BATHonNsIs.

198 1076 355 1108 CCXCV.
392 1075 641 1104 COMMISSIO
666 1074 863 1102 DIRECTA
907 1075 965 1101 AD
1000 1072 1333 1101 DECLARANDOS
1369 1072 1496 1100 ARTI-

400 1134 545 1161 CULOS
569 1131 1068 1161 EXCOMMUNICACIONIS
1088 1131 1300 1160 MAJORIS.

612 1211 715 1254 [Reg.
734 1211 801 1243 IV.
824 1209 991 1243 Parv.fol.
1009 1212 1080 1254 28.]

135 1288 350 1330 johannes
387 1289 509 1330 Prior
540 1287 729 1330 ecclesiae
751 1287 1005 1329 cathedralis
1038 1286 1354 1336 Dunelmensis,
1382 1295 1426 1327 et
1454 1286 1615 1327 Radal-

77 1346 187 1400 phus
239 1347 355 1388 Both
410 1347 746 1388 Archidiaconus
799 1345 1114 1396 Dunelmensis,
1181 1344 1519 1386 reverendissimi
1570 1344 1615 1385 in

81 1404 256 1445 Christo
287 1404 414 1459 patris
455 1414 499 1446 et
536 1403 695 1446 domini
733 1403 895 1445 domini
929 1403 1111 1444 Thomae
1152 1402 1427 1444 miseracione
1469 1402 1614 1442 divina

81 1462 401 1518 Archiepiscopi
425 1462 717 1512 Eboracensis,
740 1461 906 1516 Angliae
937 1461 1139 1516 primatis,
1174 1471 1217 1502 et
1238 1460 1482 1516 apostolicae
1505 1460 1616 1501 sedis

75 1519 217 1573 legati,
250 1520 359 1562 infra
394 1521 594 1563 diocesim
637 1520 974 1570 Dunelmensen,
1006 1520 1106 1562 sede
1150 1518 1380 1575 episcopali
1421 1527 1613 1568 vacante,

76 1577 274 1619 officiales
307 1589 348 1620 et
370 1578 675 1634 spiritualitatis
693 1579 905 1628 custodes,
932 1577 1130 1619 universis
1167 1586 1209 1618 et
1231 1577 1404 1632 singuliS
1425 1575 1611 1625 decanis,

75 1637 327 1687 rectoribus,
353 1637 531 1688 vicariis,
556 1651 604 1678 ac
620 1636 712 1677 aliis
727 1635 996 1677 ecclesiarum
1019 1644 1062 1677 et
1084 1635 1338 1690 capellarum
1363 1633 1616 1689 parochiali-

77 1708 147 1734 um
170 1694 413 1749 capellanis‚
438 1696 547 1736 infra
577 1694 864 1749 episcopatum
889 1694 1224 1735 Dunelmensem
1257 1692 1436 1735 ubilibet
1459 1693 1615 1733 consti-

77 1753 193 1802 tutis,
227 1752 402 1794 salutem
425 1753 466 1793 in
492 1754 695 1795 Domino.
760 1752 826 1793 Ne
848 1752 1094 1809 ignorancia
1117 1751 1346 1793 sentenciae
1367 1764 1615 1791 excommu-

74 1809 305 1852 nicacionis
327 1812 496 1867 majoris
513 1810 766 1852 auctoritate
785 1810 1010 1851 sufficienti
1044 1811 1333 1851 Romanorum
1350 1808 1614 1863 pontificum,

76 1868 505 1924 Archiepiscoporum
540 1868 884 1917 Eboracensium,
909 1877 951 1909 et
975 1868 1228 1923 Episcorum
1250 1867 1610 1909 Dunelmensium

76 1940 303 1976 concessae‚
327 1935 370 1968 et
391 1941 467 1980 per
483 1927 701 1984 religiosos
720 1925 829 1967 viros
850 1926 1040 1967 Priorem
1063 1935 1104 1967 et
1129 1926 1400 1968 Conventum
1424 1923 1612 1966 ecclesiae

77 1984 332 2025 cathedralis
358 1984 659 2027 Dunelmensis
695 1984 738 2024 in
774 1983 925 2025 eadem
963 1984 1141 2025 ecclesia
1162 1982 1392 2025 cathedrali
1415 1982 1546 2023 semel
1568 1979 1611 2023 in

77 2056 191 2083 anno
226 2043 508 2097 promulgatae
543 2053 585 2085 et
619 2042 869 2091 fulminatae,
915 2056 1172 2098 quemquam
1204 2057 1229 2083 a
1271 2048 1430 2082 sanctae
1467 2041 1611 2081 matris

78 2100 270 2141 ecclesiae
301 2101 508 2155 suffi·agiis
539 2110 584 2142 et
621 2101 779 2142 Christi
808 2100 999 2141 fidelium
1030 2098 1422 2141 communicacione
1458 2098 1501 2139 in
1523 2098 1612 2139 ani-

75 2171 241 2198 marum
263 2173 433 2199 suarum
455 2159 617 2214 grande
648 2158 880 2213 periculum
902 2157 1036 2213 possit
1064 2166 1273 2206 avertere,
1306 2157 1504 2212 quoniam
1526 2170 1611 2196 ma·-

76 2214 178 2265 lum,
212 2215 293 2256 nisi
323 2217 555 2270 cognitum,
589 2216 643 2257 de
689 2215 801 2256 facili
836 2231 924 2257 non
964 2215 1159 2265 evitatur,
1193 2214 1351 2255 idcirco
1383 2228 1460 2254 nos
1486 2214 1616 2267 juxta

77 2272 211 2314 nostri
233 2273 437 2325 debitum,
471 2275 676 2324 volentes,
709 2281 914 2329 quantum
937 2273 980 2313 in
1002 2272 1123 2313 nobis
1156 2282 1221 2313 est
1252 2272 1487 2312 animarum
1529 2271 1613 2311 dis-

77 2331 243 2386 pendiis
266 2346 503 2382 occurrere,
537 2340 579 2373 et
611 2331 843 2373 earundem
882 2330 1155 2385 profectibus,
1179 2329 1324 2370 divina
1352 2338 1610 2383 cooperante

77 2389 321 2440 clemencia,
359 2389 585 2431 salubriter
619 2389 841 2430 intendere
864 2397 907 2429 et
937 2387 1172 2442 providere,
1205 2386 1324 2427 vobis
1363 2395 1407 2428 et
1437 2386 1613 2427 cuilibet

77 2456 266 2488 vestrum
297 2448 579 2503 praecipimuS,
604 2448 646 2488 in
682 2447 839 2488 virtute
880 2445 1156 2495 obedienciae,
1190 2460 1240 2486 ac
1271 2443 1404 2486 eciam
1433 2443 1614 2485 firmiter

77 2505 340 2562 injungendo
371 2507 634 2555 mandamus,
682 2513 891 2560 quatenus
928 2518 1072 2545 omnes
1104 2511 1148 2544 et
1189 2502 1379 2557 singulos
1410 2501 1611 2543 articulos

78 2562 124 2604 in
145 2565 317 2607 scedula
352 2564 630 2619 praesentibus
673 2576 840 2604 annexa
875 2569 1097 2603 contentos
1134 2560 1302 2615 publice
1343 2560 1386 2600 in
1427 2559 1612 2601 ecclesiis

79 2622 241 2672 vestriS,
279 2622 428 2664 diebus
463 2620 681 2663 dominicis
713 2629 757 2661 et
795 2618 887 2660 aliis
918 2618 1091 2669 festivis,
1140 2633 1237 2659 cum
1284 2618 1420 2672 major
1452 2617 1609 2658 ibidem

80 2680 206 2721 fuerit
227 2681 373 2735 populi
412 2679 652 2728 multitudo,
685 2678 795 2718 iufra
830 2679 1049 2718 missarum
1087 2675 1333 2730 solempnia,
1364 2675 1405 2715 in
1448 2676 1611 2732 vulgari

82 2739 318 2793 exponatiS,
360 2739 506 2793 egatiS,
531 2736 767 2794 publicetiS,
791 2743 832 2778 et
849 2733 1137 2786 innotescatis,
1162 2746 1208 2775 ut
1240 2733 1314 2785 hii,
1339 2732 1410 2789 qui
1432 2733 1608 2790 seipSOS,
