1807 2962
153 74 300 106 CCCXC
486 72 623 104 HIST.
655 67 891 101 DUNELM-
916 66 1223 99 SCRIPTORES
1248 66 1389 98 TR‘Es.

157 194 342 236 poenam,
366 178 400 220 si
421 176 664 233 hujusmodi
686 174 925 216 monicione
946 180 1102 224 vestra,
1135 173 1236 230 quin
1259 173 1396 215 verius
1418 181 1577 224 nostra,
1601 188 1699 215 can-

163 238 285 279 onice
322 237 554 293 praemissa,
597 234 778 275 rebelles
810 231 1046 281 extiterint,
1070 241 1114 273 et
1144 232 1280 272 eidem
1315 231 1547 273 monicioni
1599 246 1699 272 eum

163 296 321 337 effectu
354 310 442 336 non
479 292 711 348 paruerint,
747 291 788 330 in
821 289 915 329 loca
955 288 1046 343 ipsa
1086 289 1129 329 in
1165 288 1243 328 hiis
1266 289 1430 344 scriptis
1452 289 1697 344 infligimus,

171 353 260 394 Vos
291 352 441 401 eciam,
475 350 645 393 domine
672 347 837 397 vicarie,
869 360 1055 401 praesens
1089 346 1337 387 mandatum
1371 356 1575 398 nostrum,
1613 362 1701 387 non

168 411 300 452 semel
321 420 476 460 tamen,
499 409 574 450 sed
595 408 742 455 eciam,
777 406 810 445 si
839 419 1007 445 necesse
1039 404 1180 453 fuerit,
1204 404 1356 458 saepius
1378 413 1420 446 et
1441 405 1601 445 vicibus
1623 404 1703 445 ite,

168 469 283 519 ratis,
301 469 450 509 diebus
467 465 689 507 dominicis
711 471 753 504 et
774 461 946 512 festivis,
971 461 1080 503 intra
1097 462 1315 503 missarum
1338 462 1585 517 solempnia,
1605 477 1702 503 cum

172 527 309 581 major
339 525 487 581 populi
505 523 672 565 affuerit
689 520 937 569 *multitudQ
962 521 1211 561 execucioni
1233 519 1388 560 debitae
1420 519 1701 568 demandetis,

171 593 215 624 et
237 585 441 638 populum
463 583 517 623 ab
549 578 862 636 praemissorum
898 577 1231 632 transgressione
1253 578 1330 618 sub
1353 593 1493 631 poena,
1518 578 1635 618 vobis
1657 586 1705 617 ut

171 640 460 695 praemittitur,
498 637 790 693 compescatis.
854 635 971 676 Data
1016 635 1231 684 Dunelmi,
1278 650 1306 674 x
1339 636 1406 678 die
1439 635 1592 677 mensis
1628 635 1707 676 Fe-

170 700 341 749 bruarii,
376 713 489 740 anno
514 695 686 737 Domini
718 692 937 734 millesimo
969 696 1356 737 CCCCLXXXXVIIw.

316 974 469 1003 CCC111.
505 970 868 999 TESTtMoNIALES
900 970 1046 997 SUPER
1080 969 1244 996 CRUOES
1277 968 1572 999 SIGNACIONE.

694 1064 798 1106 [Reg.
818 1062 883 1095 1V.
900 1063 1000 1094 Parv.
1016 1061 1071 1094 fol.
1090 1064 1143 1099 57.
1161 1062 1209 1103 b.]

246 1158 469 1202 Universis
505 1155 662 1197 Christi
694 1154 905 1204 fidelibus,
938 1154 991 1194 ad
1026 1169 1131 1210 quos
1162 1164 1392 1209 praesentes
1415 1154 1550 1195 literae
1574 1169 1720 1210 perve-

184 1218 338 1268 nerint,
375 1217 564 1257 Thomas
585 1212 862 1269 permissione
903 1211 1045 1253 divina
1074 1212 1197 1253 Prior
1228 1212 1418 1254 ecclesiae
1455 1213 1721 1254 Cathedralis

188 1274 493 1319 Dunelmensis
531 1272 708 1312 salutem
733 1270 773 1310 in
798 1270 988 1312 Domino
1020 1270 1331 1325 sempiternam.
1398 1272 1507 1311 Cum
1541 1271 1721 1311 dilectus

188 1334 311 1375 nobis
334 1335 375 1373 in
401 1331 574 1373 Christo
606 1329 823 1370 Johannes
854 1328 988 1383 Ellys‚
1021 1342 1158 1382 nuper
1178 1328 1391 1383 parochiae
1425 1329 1480 1369 de
1508 1329 1723 1370 Braunce-

188 1392 308 1448 path,
336 1387 634 1432 Dunelmensis
657 1386 888 1436 dioceseos,
933 1386 994 1426 vir
1016 1387 1160 1442 utique
1191 1386 1317 1427 bonae
1350 1386 1489 1436 famae,
1522 1387 1636 1436 vitae,
1680 1397 1724 1429 et

190 1447 528 1491 conversacionis
550 1446 757 1493 honestae,
791 1459 910 1484 mero
931 1443 1085 1485 animae
1113 1459 1201 1484 suae
1238 1454 1354 1485 motu
1379 1454 1628 1499 maturaque
1650 1446 1726 1486 de-

190 1507 449 1550 liberacione
471 1502 719 1559 praehabita,
745 1513 904 1548 votum,
926 1510 971 1541 ut
989 1501 1182 1552 asseruit,
1202 1502 1442 1556 promiserit
1462 1503 1655 1556 speciale,
1680 1518 1724 1544 se

195 1576 237 1607 et
257 1578 458 1620 personas
480 1576 575 1602 suas
598 1560 697 1616 [sic]
719 1560 918 1600 adversus
940 1559 1149 1609 Turchos,
1167 1570 1426 1616 caeterosque
1444 1559 1587 1600 hostes
1603 1572 1646 1601 et
1662 1561 1726 1601 in-

193 1624 341 1665 imicos
363 1621 499 1662 crucis
521 1618 690 1667 Christi,
712 1633 788 1672 pro
805 1617 1048 1658 defensione
1066 1617 1167 1658 fidei
1189 1617 1444 1658 Christianae
1459 1617 1633 1659 viriliter
1649 1633 1727 1659 ex-

192 1696 370 1737 ponere,
404 1691 446 1719 et
473 1692 551 1733 pro
575 1676 731 1716 viribus
754 1690 1046 1730 expungnare,
1072 1684 1197 1729 prout
1219 1690 1363 1715 coram
1396 1676 1516 1716 nobis
1538 1676 1728 1730 plenaria

195 1739 340 1782 extitit
362 1738 465 1778 fides
488 1735 612 1784 facta,
629 1750 723 1774 cum
741 1736 984 1789 juramento
1002 1733 1098 1774 inde
1119 1733 1327 1788 pra0stito,
1343 1733 1394 1773 ad
1419 1734 1533 1789 quod
1555 1735 1728 1789 quidem

198 1807 359 1846 votum,
394 1795 492 1836 Deo
524 1792 695 1841 comite,
728 1791 909 1832 feliciter
939 1791 1265 1840 observandum,
1297 1790 1419 1831 nobis
1441 1806 1536 1831 cum
1572 1792 1730 1832 instan-

195 1857 268 1898 ciis
290 1853 442 1895 debitis
463 1859 507 1892 et
529 1849 738 1905 requisitis
758 1849 828 1904 pie
849 1848 1116 1904 supplicavit,
1151 1859 1198 1890 ut
1220 1849 1259 1888 in
1284 1849 1412 1889 fidem
1431 1858 1474 1889 et
1499 1849 1732 1890 testimoni-

196 1929 269 1956 um
292 1921 376 1953 tam
400 1910 458 1965 pii
479 1919 650 1962 tamque
673 1907 894 1947 laudibiles
926 1906 1144 1961 propositi,
1185 1921 1209 1946 a
1246 1906 1341 1947 Deo
1370 1906 1728 1961 praemunerandi,

198 1973 336 2026 ipsum
358 1968 478 2021 signo
508 1965 640 2007 crucis
675 1964 941 2018 consignare,
976 1974 1224 2019 nostrasque
1248 1963 1388 2004 literas
1426 1964 1732 2006 testimoniales

197 2030 240 2071 in
278 2043 327 2069 ea
362 2034 483 2081 parte
516 2021 768 2063 necessarias
799 2021 837 2062 ei
866 2021 1101 2062 concede-re
1129 2021 1414 2062 favorabiliter
1445 2021 1732 2078 dignaremur.

201 2088 293 2128 Nos
317 2084 458 2139 igitur,
494 2080 621 2135 ipsius
658 2079 764 2120 votis
801 2087 842 2120 et
877 2078 1108 2128 desideriis,
1147 2088 1348 2134 tanquam
1376 2079 1505 2133 justis
1546 2080 1669 2121 licitis
1691 2089 1736 2121 et

198 2144 403 2192 honestis,
438 2140 623 2192 benigne
662 2146 912 2186 annuenteS,
947 2137 1171 2190 praefatum
1208 2137 1447 2178 Johannem
1481 2137 1522 2177 in
1557 2137 1736 2179 ecclesi-a

200 2199 436 2244 cathedrali
472 2196 691 2252 praedicta,
737 2194 869 2235 tercio
904 2194 1068 2235 decimo
1105 2195 1173 2235 die
1223 2194 1376 2235 mensis
1412 2194 1582 2248 Aprilis,
1621 2210 1735 2236 anno

201 2258 378 2303 Domini
400 2255 621 2297 millesimo
659 2266 1022 2302 ccchxxxxvm,
1055 2252 1336 2307 personaliter
1363 2253 1659 2302 constitutum,
1693 2261 1738 2294 et

194 2321 324 2375 juxta
345 2317 549 2357 feretrum
579 2310 830 2353 sanctissimi
852 2310 1104 2351 confessoris
1137 2310 1369 2352 Cuthberti
1400 2311 1568 2364 patroni
1588 2310 1736 2361 nostri,

201 2373 444 2431 hujusmodi
465 2370 601 2412 crucis
634 2369 800 2426 signum
836 2369 926 2422 ejus
958 2368 1119 2423 pectori
1148 2368 1343 2422 imprimi,
1378 2368 1532 2409 debitis
1555 2383 1649 2409 curn
1673 2368 1738 2409 in-

204 2433 370 2476 stanciis
393 2442 436 2472 et
476 2428 598 2470 flexis
638 2427 814 2482 genibus
856 2426 1054 2467 devocius
1087 2427 1389 2480 postulantem,
1424 2440 1496 2480 per
1535 2426 1737 2467 dilectum

206 2492 462 2535 confratrem
486 2497 673 2528 nostrum
697 2484 915 2526 dominum
940 2484 1172 2525 Ricardum
1198 2484 1319 2539 Caly,
1344 2498 1474 2525 sacrae
1507 2484 1737 2538 theologiae

205 2547 501 2595 baccalarium,
549 2544 811 2585 feretrarium
869 2551 911 2583 et
961 2542 1300 2583 elemosinarium
1353 2552 1560 2591 nostrum,
1616 2541 1737 2595 signo

200 2608 334 2652 crucis
357 2606 446 2660 ejus
468 2600 644 2658 pectori,
680 2600 721 2640 in
755 2601 937 2641 dextera
971 2600 1118 2641 saltem
1155 2609 1287 2654 parte,
1325 2599 1479 2654 signari
1501 2599 1676 2640 fecimus
1693 2608 1750 2641 et*

204 2666 338 2715 aduri,
363 2674 409 2704 ut
438 2677 527 2703 mos
559 2669 637 2702 est.
702 2657 1033 2700 Universitatem
1072 2657 1199 2712 igitur
1236 2667 1418 2698 vestram
1452 2658 1738 2713 supradictam

206 2722 415 2766 attencins
439 2733 650 2776 rogamuS,
674 2725 884 2772 quatenus
907 2730 1001 2757 cum
1026 2715 1114 2770 ipse
1135 2715 1367 2766 Johannes,
1390 2726 1430 2757 ut
1448 2716 1735 2770 praemittitur,
