1807 2962
482 101 760 135 APPENDIX.
788 102 913 134 ANN.
944 101 1145 135 MCCLII.
1459 82 1569 137 xlvii

38 208 295 265 colloquium
329 208 485 252 habeat
516 223 611 251 cum
635 209 777 266 aliquo
794 210 946 260 amico,
971 209 1039 251 vel
1060 209 1240 250 seculari
1263 208 1331 250 vel
1353 209 1566 264 religioso,

40 268 97 309 Et
117 277 273 322 praeter
304 267 398 318 hoc,
422 268 668 324 porcionem
701 269 939 322 specierum
961 266 1071 308 illius
1093 267 1208 317 anni,
1233 282 1329 323 quae
1351 282 1448 309 eum
1469 283 1572 309 con-

38 326 175 380 tingit,
219 325 386 367 amittat
406 341 416 375 ;
463 326 542 366 nisi
574 325 618 367 in
654 326 736 367 hoc
775 325 982 381 Supprior
1015 341 1110 367 cum
1149 340 1200 367 eo
1242 324 1572 368 misericorditer

38 382 212 425 duxerit
233 383 563 438 dispensandum
581 399 591 425 ε
614 393 661 425 ut
688 383 746 425 sic
768 399 874 440 quos
897 383 1024 425 timor
1049 382 1132 424 Dei
1154 398 1178 424 a
1200 392 1376 438 peccato
1398 399 1484 424 non
1506 399 1573 425 re-

39 441 170 482 trahit
191 442 342 483 saltem
365 457 443 496 per
463 456 631 497 poenam
653 450 891 483 arceantur.
955 441 1148 482 Dicimus
1166 451 1306 482 autem
1326 442 1379 481 de
1395 442 1571 482 infirmis

38 508 86 541 ut
117 508 309 554 tempore
340 499 486 541 debito
518 498 840 554 completorium
869 510 1037 549 canant,
1062 509 1106 541 et
1127 508 1223 554 post
1245 499 1573 555 completorium

37 572 123 599 non
162 557 310 598 bibant
337 556 416 598 nisi
451 557 705 599 necessitate
728 556 984 598 infirmitatis
1006 566 1203 611 cogente,
1229 573 1308 599 nec
1325 558 1572 612 potantibus

38 614 223 658 exterius
254 630 299 656 se
336 615 612 659 immisceant.
676 614 925 656 Inhibemus
963 615 1110 665 eciam,
1135 615 1175 655 in
1208 615 1363 657 virtute
1389 615 1572 670 Spiritus

44 672 187 716 Sancti
208 681 252 714 et
273 673 546 723 obedientiae,
570 683 619 715 nt
639 673 779 714 nullus
802 674 1032 714 monachus
1054 674 1094 714 in
1117 673 1292 714 cellario
1313 673 1378 715 vel
1401 673 1455 714 ad
1477 674 1576 715 hos-

38 732 143 774 tium
166 731 324 773 cellarii
345 733 465 773 bibat
486 732 628 788 aliquo
646 740 852 786 tempore,
883 732 957 773 sed
979 733 1020 772 in
1041 731 1268 773 refectorio
1290 731 1485 773 ordinate
1507 732 1575 773 vel

39 791 81 832 111
103 790 290 833 cameris,
358 789 427 840 Et,
457 799 504 831 ut
536 789 678 831 omnia
700 789 780 830 ista
800 789 930 831 modo
951 789 1141 845 legitimo
1163 798 1207 830 et
1229 790 1576 844 irrefragabiliter

39 849 82 890 in
113 856 370 904 perpetuum
393 856 619 890 teneantur
641 857 682 889 et
705 848 997 898 observentur,
1021 847 1285 889 decrevimus
1308 863 1358 889 ea
1377 848 1573 889 Martilo-

38 906 112 964 gio
129 915 275 947 nostro
290 906 535 948 memoriter
561 905 754 947 annotari
772 921 782 954 ς
805 905 922 961 quod
944 905 1097 946 nostris
1122 905 1383 960 temporibus
1405 921 1483 962 per
1497 922 1574 947 nos

41 974 85 1006 et
124 965 397 1006 Conventum
428 973 621 1006 nostrum
654 973 858 1005 statatum
891 973 934 1005 et
955 964 1197 1005 ordinatum
1221 973 1287 1004 est
1308 979 1385 1019 per
1406 979 1574 1005 succes-

40 1025 202 1064 sionem
225 1021 440 1076 temporis,
464 1023 678 1065 oblivione
700 1022 1013 1064 interveniente
1036 1023 1103 1063 vel
1124 1022 1301 1074 incuria,
1324 1037 1408 1063 non
1438 1023 1571 1078 possit

41 1081 173 1123 deleri
194 1080 262 1121 vel
283 1079 499 1125 infirmari.

202 1201 272 1241 De
292 1200 560 1241 celebracione
580 1200 797 1239 missarum
819 1199 861 1238 in
881 1199 1028 1250 viyilia
1050 1198 1203 1238 natalis
1227 1197 1412 1240 Domini.

104 1290 228 1339 Item,
262 1303 373 1330 anno
397 1287 572 1329 Domini
595 1293 650 1328 M⁰
676 1293 750 1328 cc⁰
776 1290 911 1337 L11120,
936 1287 1005 1327 (116
1029 1288 1294 1337 Animarum,
1311 1286 1437 1341 jussit
1460 1286 1573 1329 idem

47 1349 182 1397 Prior,
205 1346 498 1389 consentiente
534 1347 775 1394 Conventu‚
800 1355 846 1386 ut
878 1345 976 1399 vigi:
968 1346 1019 1386 ia
1046 1344 1208 1386 Natalis
1245 1345 1366 1385 annis
1403 1346 1576 1399 singulis

47 1406 255 1461 Supprior
290 1413 434 1446 cantet
467 1404 648 1459 plimam
685 1405 866 1453 missam,
903 1402 1244 1444 Ebdomedarius
1262 1403 1504 1453 secundam,
1529 1414 1574 1445 et

47 1464 171 1507 Prior
202 1464 267 1505 vel
305 1463 538 1518 Episcopus
571 1462 753 1510 tertiam,
780 1462 895 1503 salva
926 1461 1147 1502 oblacione
1179 1462 1327 1516 piimae
1359 1460 1496 1502 missae
1519 1462 1574 1503 ad

45 1538 149 1578 opus
171 1521 376 1577 capellani
399 1520 560 1562 domini
588 1520 756 1561 Ρ1·10115.

252 1638 594 1679 Anniversarz'zcm
615 1638 770 1678 domini
787 1638 1000 1679 Bertrami
1021 1638 1189 1678 Prioris
1204 1639 1384 1678 secundi.

109 1730 234 1771 Anno
273 1727 515 1770 Dominicae
554 1726 867 1768 Incarnacionis
904 1731 1142 1776 M⁰cc⁰L11⁰,
1167 1728 1220 1767 ad
1259 1727 1478 1778 Pascham,
1504 1727 1575 1784 qui

48 1798 113 1829 est
134 1802 270 1829 annus
302 1786 489 1828 decimus
521 1785 732 1840 prioratus
773 1783 984 1826 Bertrami
1009 1784 1167 1825 Prioris
1193 1785 1490 1826 Dunelmensis
1512 1802 1576 1828 se-

48 1846 187 1895 cundi,
212 1860 286 1900 per
306 1843 620 1899 providenciam
641 1842 742 1884 dicti
764 1842 924 1883 domini
941 1842 1151 1883 Bertrami
1167 1842 1321 1883 Prioris
1339 1844 1573 1900 adquisitus

48 1914 113 1946 est
129 1919 294 1945 annuus
322 1902 510 1943 redditus
542 1916 639 1944 vl11.
673 1915 909 1941 marcarum
928 1909 971 1941 et
994 1915 1032 1944 V.
1057 1900 1303 1951 solidorum,
1327 1911 1575 1944 conservato

48 1962 91 2003 in
114 1964 323 2016 integrum
347 1970 460 2001 statu
483 1959 672 2001 omnium
695 1958 1035 2014 praecedencium
1057 1959 1301 2000 reddituum
1325 1960 1378 2000 ad
1411 1960 1574 2001 dictum

50 2021 120 2062 Pi
110 2030 291 2061 loratum
328 2018 653 2074 pertinencium.
733 2017 802 2058 De
840 2027 954 2058 terra
988 2016 1148 2058 scilicet
1188 2018 1242 2058 (le
1286 2018 1505 2059 Bollisdon
1549 2034 1574 2059 v

48 2093 232 2120 marcae·
222 2109 232 2127 ,
265 2077 425 2118 scilicet
459 2077 555 2117 duae
589 2091 743 2116 marcae
766 2085 809 2116 et
831 2075 1006 2116 dimidia
1023 2076 1075 2116 ad
1102 2076 1388 2117 Pentecosten
1411 2086 1454 2118 et
1476 2077 1573 2118 duae

47 2151 201 2178 marcae
217 2144 264 2178 et
277 2135 452 2177 dimidia
464 2135 516 2176 ad
535 2135 689 2175 festum
711 2133 841 2175 sancti
860 2133 1063 2174 Μ31·11111
1053 2149 1095 2173 111
1101 2133 1271 2213 dhieme.
1305 2134 1373 2175 De
1390 2144 1500 2176 terra
1522 2136 1577 2178 de

50 2195 341 2250 Renyngtona
356 2194 459 2234 xxm.
482 2192 604 2234 solidi
624 2191 725 2248 [ita]
751 2191 911 2233 scilicet
933 2196 1031 2233 xus.
1055 2191 1131 2235 vld.
1148 2192 1202 2233 ad
1228 2193 1509 2234 Pentecosten
1532 2202 1576 2234 et

50 2258 147 2293 an.
179 2252 255 2293 v1d
287 2260 331 2293 at
361 2252 515 2292 festum
554 2251 688 2291 sancti
713 2250 888 2291 Martini
920 2249 961 2290 in
987 2249 1137 2290 hieme.
1199 2250 1271 2291 De
1297 2251 1497 2292 Waltero
1519 2251 1573 2292 de

53 2310 330 2352 Hurthewrth
353 2318 395 2350 et
414 2308 641 2350 heredibus
665 2307 748 2349 suis
770 2309 824 2349 de
842 2308 1087 2348 molendino
1105 2307 1158 2348 de
1178 2307 1327 2348 Her...
1346 2312 1452 2357 xxs„
1468 2309 1579 2349 scili-

50 2378 119 2410 cet
138 2372 198 2411 x⁸.
223 2367 277 2408 ad
301 2368 597 2415 Pentecosten,
621 2374 664 2406 et
684 2371 742 2409 xs.
767 2366 820 2406 ad
843 2365 995 2406 festum
1017 2365 1151 2405 sancti
1175 2365 1350 2405 Martini
1367 2366 1405 2405 in
1422 2365 1574 2417 hieme,

51 2426 284 2467 secundum
306 2424 421 2480 quod
444 2433 560 2465 carta
580 2423 680 2464 dicti
701 2422 887 2472 Walteri,
905 2437 1029 2478 quam
1052 2423 1180 2463 habet
1194 2422 1401 2477 Supprior
1423 2423 1465 2464 in
1485 2440 1578 2465 cus-

52 2484 170 2526 todia
190 2497 441 2531 communae,
465 2490 737 2536 protestatur.
801 2481 858 2522 Et
880 2490 944 2521 est
977 2495 1141 2521 summa
1177 2480 1446 2522 denariorum
1479 2497 1576 2524 vl11.

53 2557 206 2583 marcae
228 2556 267 2584 v,
292 2539 428 2581 solidi.
491 2539 611 2580 Idem
636 2539 773 2587 Prior,
797 2538 948 2579 eodem
985 2553 1111 2588 311110,
1135 2538 1188 2579 de
1214 2553 1418 2580 consensu
1439 2549 1481 2581 et
1505 2556 1578 2582 vo-

52 2600 216 2642 luntate
254 2598 388 2640 tocius
424 2598 672 2639 Conventus
695 2596 771 2646 sui,
797 2596 957 2637 dictum
980 2596 1194 2637 redditum
1218 2610 1314 2640 vlu.
1340 2612 1577 2640 marcarum

55 2667 99 2700 et
134 2674 172 2702 ν
197 2657 429 2699 solidorum
451 2655 506 2696 ad
544 2669 674 2710 opera
694 2654 881 2695 caritatis
903 2653 944 2694 in
967 2664 1217 2709 peipetuum
1240 2656 1481 2710 amplianda
1501 2658 1579 2698 sub

54 2716 132 2758 hac
155 2717 290 2757 forma
311 2714 501 2756 decrevit
533 2713 744 2762 ordinare,
769 2712 965 2753 videlicet
1003 2713 1056 2753 ad
1080 2713 1319 2769 pytanciam
1343 2714 1579 2757 faciendam

57 2775 273 2816 annuatim
312 2771 557 2816 Conventui
592 2771 636 2814 in
674 2780 765 2813 tota
800 2771 887 2813 vita
919 2786 1007 2823 sua,
1033 2771 1073 2812 in
1107 2771 1175 2813 die
1207 2771 1340 2813 sancti
1367 2772 1578 2827 Nicholai,
