1807 2962
488 117 765 149 APPENDIX.
794 117 915 148 ANN.
944 118 1261 165 MCCCCXLVI.
1440 106 1634 153 CClXXXV

106 225 264 266 ratoria
286 232 499 279 potestate
537 225 638 265 mihi
673 226 839 266 notario
861 225 1098 280 subscripto
1120 226 1375 267 sufficienter
1398 229 1632 278 constabat,

105 283 361 324 eleccionem
383 284 632 324 canonicam
654 294 696 324 et
717 283 985 333 cOncordem,
1012 292 1056 323 ut
1079 283 1288 338 apparuit,
1313 299 1388 338 per
1408 286 1516 325 viam
1545 286 1638 340 Spi-

107 340 213 381 1itus
255 341 399 382 Sancti
436 341 490 382 cle
523 341 754 382 venerabili
787 341 876 382 viro
908 342 1111 396 magistlo
1148 341 1372 382 Willielmo
1406 342 1639 384 Ebchestre

107 413 238 439 sacrae
272 399 440 453 paginae
472 398 724 453 piwofessme,
757 399 859 440 dicti
895 399 1113 440 Prioratus
1144 399 1451 440 commonacho
1474 409 1516 440 et
1538 415 1638 441 con-

106 456 249 506 fratre,
275 456 461 497 unanimi
495 472 697 498 consensu
722 465 764 498 et
786 472 956 498 assensu
993 456 1295 512 praedictmum
1323 457 1563 523 Supprioris
1596 468 1640 500 et

108 514 296 569 Capituli
318 515 434 556 dicto
456 514 524 556 die
546 514 703 556 ibidem
725 515 953 556 solenniter
970 515 1229 556 celebratam
1246 530 1348 556 mox
1364 516 1406 555 in
1429 516 1640 556 communi

105 572 351 627 publicavit,
383 588 432 614 ac
463 572 646 613 eundem
679 573 926 627 magiStrnm
961 572 1242 614 Willielmum
1281 572 1453 614 nomine
1484 589 1561 615 suo
1592 590 1640 615 ac

108 630 349 685 Suppri'oris
372 640 414 672 et
438 630 626 685 Capituli
649 631 988 684 supradictorum
1011 630 1290 672 incontinenti
1312 631 1442 685 elegit
1464 632 1504 672 in
1537 632 1639 673 dicti

108 688 325 730 Prioratus
364 699 524 743 patrem
568 696 610 729 et
651 688 856 738 Priorem,
900 697 948 729 ut
983 689 1282 743 supradicitur‚
1326 689 1368 729 in
1410 691 1637 734 communi.

108 747 222 788 Acta
244 746 414 788 fuerunt
437 747 543 794 haec,
567 756 693 800 prout
713 747 1082 800 suprascribuntur
1103 756 1146 788 et
1160 747 1404 797 recitantur,
1428 749 1505 789 sub
1527 764 1641 789 anno

110 804 301 853 Domini,
339 804 590 853 indiccione,
630 804 894 859 pontificatu,
934 820 1093 855 mense,
1119 805 1202 854 die,
1227 814 1271 846 et
1292 805 1388 846 loco
1410 806 1637 860 praedictis,

108 863 386 917 praesentibus
409 861 598 903 discretis
621 862 717 903 viris
740 863 949 917 magistris
969 863 1152 904 Ricardo
1174 863 1410 918 Wettwang
1432 864 1475 904 in
1496 865 1640 906 (lecre-

109 921 177 970 tis,
224 921 430 962 canonico
482 920 670 962 ecclesiae
723 920 866 962 Sancti
913 921 1033 962 Pauli
1077 922 1406 971 Londoniensis,
1444 922 1641 964 Johanne

113 979 296 1020 Lounde
315 978 516 1032 magistro
534 978 750 1032 hospitalis
768 979 822 1019 de
840 979 1015 1034 Kepyer
1029 978 1071 1018 in
1088 988 1269 1035 utroque
1280 980 1377 1034 jure
1391 980 1639 1030 bacallariis,

110 1044 154 1077 et
179 1036 352 1078 domino
373 1036 570 1078 Johanne
595 1036 842 1078 Binchestre
864 1037 1099 1092 capellano,
1126 1037 1405 1078 Eboracensis
1437 1047 1481 1079 et
1521 1038 1644 1079 Dun-

111 1094 309 1135 elmensis
342 1094 586 1145 dioceseon,
620 1094 794 1136 testibus
831 1095 885 1136 ad
914 1094 1131 1150 praemissa
1152 1095 1309 1138 vocatis
1331 1096 1570 1151 specialiter
1598 1105 1642 1138 et

113 1152 288 1206 rogatis.

173 1210 230 1251 Et
250 1225 331 1265 ego
358 1209 617 1274 Willielmus,
644 1209 859 1266 Byspham
888 1210 1075 1261 clericus,
1101 1211 1382 1253 Eboracensis
1407 1212 1638 1261 dioceseos,

112 1267 306 1324 publicus
328 1268 581 1310 auctoritate
604 1268 837 1323 apostolica
858 1269 1057 1320 notaiius,
1081 1276 1151 1311 etc.

234 1544 455 1574 CCXXXIII.
490 1545 815 1572 INVENTARIUM
838 1544 1069 1573 BONORUM
1092 1544 1333 1573 MOBILIUM
1366 1544 1421 1572 ΕΤ
1455 1544 1528 1573 ΙΜ-

233 1602 475 1630 MOBILIUM
509 1603 708 1635 SESEQUE
743 1603 1024 1631 MOVENCIUM
1058 1604 1317 1630 PRIORATUS
1351 1603 1530 1630 DUNEL-

235 1660 400 1688 MENSIS
425 1661 472 1688 IN
493 1661 718 1688 NOVITATE
742 1662 962 1688 MAGISTRI
979 1661 1232 1689 WlLLIELMI
1256 1656 1533 1688 EBCIIESTRE'

235 1718 420 1746 PRIORIS
457 1719 781 1747 DUNELMENSIS
817 1719 1066 1746 SECUNDUM
1105 1719 1299 1746 FORMAM
1337 1719 1526 1745 STATUTI

236 1776 384 1803 SUPER
420 1777 511 1804 HOC
547 1777 673 1804 EDITI
712 1777 896 1804 FACTUM
931 1777 1101 1804 DIEBUS
1135 1778 1190 1804 ET
1212 1777 1443 1804 MENSIBUS
1478 1776 1524 1802 IN

236 1834 604 1862 SUBSCRIPTIONE
652 1835 844 1862 NOTARII
894 1835 971 1862 HIC
1032 1835 1248 1862 INFERIUS
1291 1834 1526 1862 RECITATIS

238 1891 363 1919 ANNO
396 1893 567 1919 DOMINI
600 1893 859 1920 MILLESIMO
887 1893 1354 1925 QUADRINGENTISIMO
1380 1892 1524 1923 QUAD-

234 1950 467 1978 RAGESIMO
491 1951 650 1981 SEXTO.

710 2044 785 2086 [Ex
802 2045 897 2089 Orig.
914 2045 995 2078 Loc.
1013 2047 1083 2089 424

182 2140 551 2182 MONASTERIUM.
617 2139 664 2180 In
692 2139 850 2193 primis,
875 2147 974 2179 sunt
993 2138 1037 2178 in
1062 2136 1331 2178 Monaste1i0
1354 2136 1646 2187 Dunelmensi,

123 2198 235 2239 ultra
254 2198 428 2252 triginta
444 2197 673 2238 monachos
691 2197 865 2250 sparsim
888 2210 964 2250 per
982 2195 1136 2244 Cellas,
1155 2203 1431 2250 expectantes
1454 2195 1650 2259 monachi

122 2255 406 2311 quadlaginta
438 2270 591 2296 novem
627 2254 782 2295 ibidem
807 2268 1000 2308 pronunc
1035 2267 1195 2293 mmam
1228 2252 1467 2301 tr3ahentes
1500 2251 1647 2308 quide

122 2313 243 2354 bonis
269 2312 535 2361 Monasterii,
559 2311 733 2352 attentis
754 2319 798 2352 et
820 2310 963 2352 debite
995 2310 1239 2374 ponderatis
1261 2310 1532 2350 decremento
1555 2310 1650 2350 red-

123 2371 291 2412 dituum
313 2379 356 2411 et
378 2369 650 2418 decimarum,
675 2369 794 2423 lapsu
816 2377 857 2409 et
879 2368 1001 2408 iuina
1022 2382 1233 2408 maneum
1238 2382 1321 2416 um,
1346 2367 1646 2417 cancellorum,

122 2428 475 2477 molendinorum,
495 2436 536 2468 et
559 2435 910 2475 tenementornm,
936 2440 1030 2465 cum
1054 2425 1395 2479 reparacionibus
1417 2432 1459 2466 et
1477 2425 1648 2466 edifica-

124 2486 315 2528 cionibus
350 2485 598 2534 eorundem,
638 2499 806 2525 necnon
847 2498 932 2524 aere
973 2482 1122 2532 alieno,
1158 2483 1198 2523 in
1222 2498 1306 2538 quo
1331 2482 1645 2524 Monasterium

126 2544 299 2585 (liversis
323 2543 601 2585 creditoribus
621 2552 682 2583 est
703 2550 936 2590 oneratum,
956 2541 1115 2596 absque
1138 2555 1289 2594 magna
1310 2540 1582 2595 providencia
1603 2550 1647 2582 et

128 2602 323 2643 ordinata
350 2600 609 2643 discrecione
642 2615 689 2640 ac
721 2599 974 2640 relevamine
996 2598 1166 2639 aliunde
1189 2599 1399 2647 habendo,
1424 2599 1646 2640 commode

129 2660 353 2702 sustentari
387 2675 469 2700 non
503 2667 689 2713 possunt,
724 2667 765 2698 et
798 2657 879 2698 alia
910 2671 1040 2697 onera
1071 2656 1306 2698 necessario
1328 2655 1530 2711 requisita
1551 2672 1648 2712 snp-

130 2727 313 2772 portare.

197 2776 431 2817 CAP'ELLA„
494 2776 545 2816 In
569 2773 730 2830 capella
752 2781 847 2815 sunt
871 2774 966 2816 duae
989 2772 1148 2817 cistnlae
1172 2787 1247 2827 pro
1270 2771 1527 2814 vestimentis
1551 2788 1648 2814 con-
