1807 2962
701 97 980 128 APPENDIX.
1500 89 1606 135 xxix

193 329 325 358 xv111.
362 329 508 357 CARTA
543 327 746 354 RANULFI
784 327 991 355 EPISCOPI
1029 327 1270 356 MONACHIS
1310 329 1367 356 DE
1406 330 1488 358 DU-

188 388 352 416 NELMO
378 389 433 415 DE
458 386 642 414 DECIMIS
667 385 715 413 IN
739 385 980 413 ALVERTON
1006 386 1259 415 WELLETUN
1290 387 1344 415 ET
1368 389 1487 417 HOU-

195 446 332 474 DENE.

580 524 655 566 [Ex
671 524 754 567 orig·
776 525 803 555 1.
820 522 1102 564 Pontificalium.]

134 602 345 644 Ranulfus
378 602 679 643 Dunelmensis
716 599 951 655 Episcopus
974 600 1170 641 omnibus
1192 600 1276 642 suis
1298 602 1538 657 praepositis
1561 613 1603 646 et

69 661 352 702 servientibus
384 671 426 702 et
453 660 692 701 hominibus
714 659 768 700 de
796 658 1029 700 Alvertona
1049 667 1093 700 et
1118 659 1369 701 Welletuna
1391 669 1432 701 et
1459 661 1605 703 Houe-

75 720 184 761 dene
207 719 399 760 salutem.
450 718 600 759 Sciatis
621 733 688 759 me
711 716 879 758 dediSse
897 716 1070 758 domino
1087 732 1182 759 meo
1199 727 1343 759 sancto
1362 718 1604 762 Cuthberto

71 786 117 818 et
140 777 356 818 monachis
390 779 492 833 ejus,
529 791 608 831 pro
640 775 934 830 redemptione
966 775 1119 816 animae
1150 791 1272 826 meae,
1305 776 1359 817 de
1391 786 1485 819 toto
1506 793 1604 820 meo

74 835 267 877 dominio
283 844 441 876 rectam
464 834 792 876 decimationem
814 833 867 875 de
888 834 1083 875 omnibus
1105 834 1231 876 rebus
1246 835 1359 876 unde
1376 835 1604 878 decimatio

77 893 170 934 fieri
202 894 358 942 debet3
393 902 433 934 et
456 893 553 934 ideo
586 891 786 947 praecipio
818 891 952 941 vobis,
987 901 1048 943 ut,
1081 893 1172 935 sine
1194 892 1308 935 omni
1330 893 1536 936 dilatione
1559 905 1604 936 et

78 951 240 1001 fraude,
279 951 493 992 monachis
531 950 744 1006 praedietis
782 965 852 992 eas
888 950 1021 992 libere
1059 951 1180 996 detis.
1246 951 1334 1001 Qui
1373 967 1475 995 vero
1510 953 1603 994 haec

76 1011 314 1052 turbaverit
335 1008 729 1051 excommunicatus
752 1018 850 1050 ante
874 1009 1017 1050 Deum
1043 1008 1111 1050 sit.

783 1127 890 1168 Seal.

194 1370 288 1397 XIX.
331 1370 604 1398 RANNULPHI
639 1370 846 1397 EPISCOPI
881 1370 938 1396 DE
971 1370 1124 1396 TERRA
1158 1369 1206 1396 IN
1241 1369 1485 1398 ELREDENE

577 1429 633 1455 ET
666 1428 1095 1456 HALIWERESTELLE·

578 1505 690 1550 [Orig.
715 1509 745 1538 2.
767 1508 795 1538 l.
830 1506 930 1539 Pont.
951 1507 993 1538 A.
1013 1506 1058 1547 1.]
1087 1509 1102 1526 ¹

143 1578 192 1621 R.
216 1577 366 1632 biscop
387 1577 556 1632 greteth
580 1577 673 1619 well
694 1578 777 1619 alle
800 1579 863 1619 his
887 1578 1048 1619 theines
1076 1578 1113 1619 ἃ
1137 1577 1318 1633 drenges
1340 1579 1391 1620 of
1417 1580 1605 1623 Ealond-

71 1635 182 1677 <scire
219 1638 256 1678 &
295 1636 346 1676 of
374 1635 685 1677 Norbamscire.
775 1637 892 1678 Wite
926 1651 979 1691 ye
1010 1637 1103 1678 that
1139 1636 1203 1678 ice
1234 1637 1373 1679 habbe
1394 1640 1604 1694 getythed

83 1694 226 1735 Sainte
253 1693 495 1735 Cuthberht
518 1693 609 1734 that
631 1694 735 1735 lond
756 1694 798 1735 in
826 1695 1053 1745 Elredene,
1078 1697 1115 1737 &
1140 1695 1194 1735 all
1218 1695 1309 1736 that
1333 1696 1440 1737 thaer
1463 1706 1507 1738 to
1529 1698 1601 1739 be·

76 1751 256 1807 limpetli
294 1752 426 1794 claene
459 1751 495 1792 ἃ
530 1752 696 1802 clades,
736 1753 773 1794 δὲ
809 1753 1152 1795 Haliwarestelle
1174 1753 1212 1794 ic
1233 1753 1372 1795 habbe
1394 1756 1603 1812 getythed

83 1810 227 1851 Sainte
261 1809 502 1852 Cuthberht
536 1809 599 1850 his
640 1825 750 1865 agen
786 1810 878 1852 into
914 1811 977 1851 his
1007 1826 1144 1866 cyme,
1169 1811 1206 1852 &
1237 1812 1322 1853 hua
1351 1827 1427 1854 sua
1454 1814 1604 1855 braves

76 1868 205 1910 thisse
226 1868 355 1910 brave
382 1869 495 1911 Crist
517 1868 617 1911 hine
639 1869 789 1911 thisses
810 1869 913 1910 lives
926 1869 1022 1911 hele
1040 1872 1077 1913 δι
1101 1870 1261 1912 heofne
1281 1870 1388 1912 rices
1410 1871 1562 1914 mirde.

786 1986 894 2028 Seal.

194 2244 268 2270 XX.
323 2244 468 2271 CARTA
512 2243 753 2272 RANULPHI
799 2245 1007 2273 EPISCOPI
1051 2247 1125 2276 CUI
1160 2248 1374 2278 ANNEXUS
1407 2251 1485 2278 EST

197 2301 412 2329 ANNULUS
437 2302 616 2329 AUREUS
650 2303 748 2330 CUM
781 2303 964 2331 SIGILLO
1000 2305 1210 2332 EJUSDEM
1241 2295 1489 2344 EPISCOP1.†

671 2381 783 2422 [Cart.
801 2382 832 2414 1.
849 2381 871 2414 f.
889 2384 943 2418 71·
961 2383 1010 2423 b.]

138 2458 390 2514 Ranulphus
414 2457 717 2499 Dunelmensis
750 2458 988 2513 Episcopus
1019 2459 1216 2501 omnibus
1246 2462 1329 2502 suis
1351 2465 1604 2506 successori-

76 2519 155 2560 bus
189 2526 231 2560 et
272 2515 537 2572 parochianis
578 2515 723 2557 Sancti
758 2516 998 2567 Cuthberti‚
1035 2528 1120 2559 tam
1154 2519 1434 2572 praesentibus
1476 2537 1603 2578 quam

77 2575 345 2626 successuris,
379 2574 560 2615 salutem
591 2584 635 2615 et
665 2574 1023 2618 benedictionem.
1109 2576 1261 2618 Sciatis
1292 2593 1365 2619 vos
1397 2580 1470 2636 qui
1491 2595 1602 2636 prae-

136 2696 153 2713 ¹⁵
180 2695 211 2727 A
228 2696 358 2726 correct
373 2689 551 2724 fac-simile
567 2689 606 2723 os
624 2689 692 2723 this
715 2689 848 2724 charter
864 2701 944 2733 may
962 2692 1006 2725 be
1021 2691 1128 2725 found
1145 2692 1180 2725 in
1198 2693 1339 2728 Nonrn
1356 2696 1546 2740 DURHAM,
1570 2709 1602 2742 p.

79 2740 155 2772 219⁵
368 2786 393 2825 †
418 2781 496 2815 The
512 2782 588 2825 ring
604 2781 632 2814 is
649 2791 692 2815 no
708 2781 827 2825 longer
851 2782 1009 2816 attached
1027 2787 1061 2816 to
1079 2783 1146 2816 this
1161 2783 1306 2818 charter.
