1807 2962
434 105 710 138 APPENDIX.
733 105 853 137 ANN.
883 124 1212 139 ...........
1399 95 1597 143 cccxciii

64 212 185 269 quod
203 212 421 254 celebrans
444 213 531 268 ipse
549 227 632 254 una
653 228 749 254 cum
772 212 849 254 sibi
871 213 1163 254 assistentibus
1184 213 1382 255 ministris
1404 217 1514 258 inter
1534 232 1592 270 se,

66 281 115 312 ‘et
142 271 293 311 chorus
315 279 561 325 prostratus,
585 271 744 312 scilicet
766 271 876 311 inter
896 285 955 321 se,
980 285 1058 325 pro
1079 271 1213 312 salute
1236 280 1279 312 et
1302 272 1594 319 incolumitate

73 344 122 370 ac
156 343 359 383 prospero
396 338 439 369 et
474 329 586 369 felici
623 337 734 369 statu
772 328 1002 383 majestatis
1035 338 1188 370 vestrae
1221 329 1393 383 singulis
1429 331 1594 386 diebus,

71 386 214 442 quoad
235 385 438 436 vixeritis,
462 386 644 441 psalmos
672 395 716 428 et
740 386 939 442 suffragia
958 386 1184 442 sequencia
1211 387 1352 428 dicent
1373 396 1415 429 et
1438 389 1593 444 legent,

72 443 272 485 videlicet
304 444 525 498 psalmum,
559 446 776 485 Exaudiat
794 451 830 485 te
851 447 1037 485 dominus
1058 448 1100 485 in
1121 447 1185 486 die
1206 447 1500 498 tribulacionis,
1525 457 1594 492 εἰσ.

74 511 116 543 et
133 502 356 556 psalmum,
381 504 558 543 Domine
580 504 624 542 in
645 506 787 543 virtute
807 508 877 542 tua
897 504 1087 543 letabitur
1108 503 1213 552 Rex,
1239 509 1324 553 εἰσ.,
1349 518 1445 545 cum
1468 509 1596 548 versi-

74 560 184 609 culo,
212 560 361 600 Gloria
376 562 515 608 Patri,
539 565 609 602 εἰσ.
643 561 757 600 Sicut
767 565 868 608 erat,
892 566 963 601 εἰσ.
986 560 1038 600 ad
1054 560 1182 600 finem
1198 560 1414 617 utriusque
1431 564 1593 616 psalmi,

68 633 160 658 una
191 632 285 658 cum
309 619 440 669 Kyrie
460 619 624 665 eleeson,
649 618 811 658 Christe
831 618 996 667 eleeson,
1022 619 1153 670 Kyrie
1173 620 1336 669 eleeson,
1363 621 1490 662 Pater
1505 637 1597 664 nos-

73 682 145 724 ter,
168 681 206 715 εἰ
221 675 306 716 Ave
328 674 492 715 Maria.
556 673 726 714 Deinde
749 674 992 724 monachus,
1016 675 1157 725 frater,
1183 676 1247 716 vel
1264 677 1473 728 sacerdos,
1509 681 1596 723 sive

72 732 262 774 minister
283 732 515 782 celebrans,
532 730 656 781 dicet,
673 740 715 772 et
732 731 899 782 chorus,
919 741 966 773 ut
984 734 1112 774 moris
1134 744 1213 784 est,
1235 736 1519 789 respondebit,
1539 742 1599 782 Εἰ

71 805 120 832 ne
140 805 212 831 nos
247 793 425 839 inducat,
458 792 530 830 sed
559 791 702 839 libera,
726 796 795 831 εἰσ.
856 793 1052 844 Emer-qai
1071 793 1201 841 Deus,
1225 799 1295 834 εἰσ.
1355 796 1418 835 ,Εἰ
1434 796 1596 849 fuyiat,

64 855 143 892 εἰσ.
207 849 385 889 Domine
415 849 573 888 salvum
595 848 678 900 fac
712 862 843 900 regem
865 848 1094 889 Henricum
1121 849 1297 891 VIImmn.
1356 852 1417 892 Et
1434 857 1596 905 exaudi,

71 912 142 950 εἰσ.
206 905 328 946 Mitte
358 908 408 955 ei,
432 907 602 954 domine,
629 907 843 955 aumilium,
867 912 938 947 εἰσ.
1000 909 1060 947 Εἰ
1080 909 1127 948 de
1147 908 1269 960 Syon,
1293 914 1363 949 etc.
1422 912 1523 953 Esto
1543 916 1595 964 ei,

71 967 241 1013 domine,
257 965 396 1012 turris,
412 970 480 1004 εἰσ.
497 978 522 1003 α
531 965 650 1014 facie
670 965 841 1004 inimici.
889 964 1035 1005 Nichil
1046 967 1254 1018 proficiat,
1278 973 1348 1010 εἰσ.
1411 970 1473 1009 Εἰ
1474 971 1600 1023 filius

70 1025 314 1075 iniquitati&
349 1023 553 1062 Dominus
584 1028 789 1062 conservet
820 1036 909 1062 eum
946 1029 986 1063 εἰ
1022 1024 1199 1076 vivificet
1231 1038 1331 1074 eum,
1371 1031 1410 1065 εἰ
1442 1028 1600 1070 beatum

56 1082 203 1133 faciat
221 1094 309 1120 eum
330 1081 373 1119 in
392 1086 518 1128 terra,
543 1085 581 1119 et
599 1093 678 1119 non
697 1081 841 1119 tradat
857 1094 944 1120 eum
961 1082 1003 1119 iu
1025 1083 1205 1121 animam
1221 1084 1478 1125 inimicorum
1499 1087 1597 1137 ejus.

72 1139 250 1180 Domine
272 1139 363 1190 fiai
389 1151 492 1189 pax,
528 1143 598 1177 εἰσ.
667 1138 721 1177 Εἰ
739 1139 1080 1188 ὰαέηιηᾱαησίαηί,
1104 1145 1174 1179 εἰσ.
1237 1141 1413 1181 Domine
1433 1146 1596 1194 exaudi,

70 1203 142 1238 εἰσ.
187 1197 393 1236 Dominus
413 1196 628 1235 vobiscum.
675 1194 749 1234 Da
770 1209 1008 1247 qucesumus,
1027 1199 1275 1248 omnipotens
1291 1199 1420 1248 Deus,
1430 1201 1599 1252 famulo

69 1260 139 1294 tuo
176 1254 362 1293 Henrico
395 1255 563 1304 septimo
583 1254 671 1304 φερέ
702 1259 836 1293 nostro
857 1255 1027 1293 salutem
1047 1257 1190 1294 mentis
1220 1261 1258 1295 εἰ
1275 1260 1471 1308 corpori-9,
1495 1265 1533 1299 et
1551 1263 1600 1300 de

70 1313 248 1352 hostibus
264 1312 483 1362 tropheum,
507 1316 549 1349 ut
569 1311 682 1350 bonis
704 1312 890 1362 operibus
912 1312 1129 1351 inherendo
1149 1318 1220 1352 tua
1234 1327 1387 1365 semper
1399 1323 1600 1358 mereatur

64 1371 316 1422 proteccione
355 1369 529 1420 defendi.
590 1367 674 1407 Per
724 1367 930 1408 Christum
977 1370 1180 1409 dominum
1221 1378 1413 1412 nostrum.
1487 1374 1598 1416 Cum

72 1442 173 1467 vero
208 1426 260 1467 ab
294 1426 373 1466 hac
406 1425 498 1465 luce
520 1424 799 1478 migraveritis
828 1434 987 1466 extunc
1009 1425 1051 1466 in
1074 1426 1188 1466 omni
1210 1428 1454 1482 supradicta
1475 1431 1600 1474 missa

64 1483 293 1539 capitulari
315 1498 391 1537 per
411 1498 486 1523 nos
511 1482 576 1523 vel
598 1482 782 1538 aliquem
801 1498 1090 1524 successorum
1110 1493 1362 1536 nostrorum,
1382 1496 1455 1528 aut
1472 1489 1599 1531 alium

69 1543 256 1591 fratrem,
277 1540 544 1589 monachum,
565 1541 841 1590 sacerdotem,
861 1556 933 1581 seu
953 1542 1188 1582 ministrum
1204 1558 1525 1601 quemcumque,
1543 1549 1599 1589 ad

69 1599 243 1656 aliquod
271 1600 402 1640 altare
425 1599 467 1638 in
490 1598 668 1639 ecclesia
689 1599 894 1652 praedicta
915 1599 1184 1649 celebranda,
1209 1601 1349 1642 statim
1373 1614 1468 1657 post
1490 1605 1598 1648 frae-

69 1658 234 1699 cionem
266 1657 415 1697 hostiae
447 1665 491 1696 et
522 1656 886 1706 decantacionem,
921 1658 1006 1698 Per
1035 1661 1173 1699 omnia
1201 1661 1334 1700 secula
1355 1664 1592 1715 seculorum,

65 1726 107 1758 et
136 1725 233 1757 ante
269 1714 588 1755 inchoacionem
620 1716 716 1755 Pax
744 1716 909 1765 domini,
948 1722 1017 1756 εἰσ.
1042 1716 1257 1757 celebrans
1279 1716 1369 1772 ipse
1393 1734 1475 1761 una
1497 1737 1595 1763 cum

71 1773 150 1814 sibi
173 1772 464 1815 assistentibus
488 1771 683 1812 ministris
705 1771 817 1812 inter
834 1787 890 1822 se,
910 1782 951 1813 et
970 1772 1121 1814 chorus
1141 1784 1387 1827 prostratuS,
1406 1778 1598 1821 similiter

70 1832 182 1873 inter
212 1847 272 1881 se,
307 1845 385 1885 pro
416 1830 549 1871 salute
571 1830 724 1870 animae
747 1841 896 1870 vestrae
918 1830 1092 1884 singulis
1115 1831 1263 1872 diebus
1287 1832 1598 1889 imperpetuum

66 1890 216 1946 legent
244 1898 286 1929 et
324 1888 467 1929 dicent
500 1887 684 1942 psalmos
717 1898 760 1928 et
782 1887 981 1942 suffragia
1011 1891 1249 1944 sequencia,
1273 1890 1352 1931 viz.
1374 1894 1594 1946 psalmum,

76 1948 286 1996 Vocemea,
297 1955 339 1987 et
356 1946 578 2000 psalmum,
592 1946 659 1986 De
670 1946 896 1998 Profundis
908 1948 1095 1997 clamavi,
1113 1962 1208 1987 cum
1224 1949 1430 1991 versiculo
1447 1952 1598 1995 Gloria

62 2008 196 2058 patri,
234 2007 336 2046 sicut
368 2010 470 2054 erat,
505 2011 576 2046 εἰσ.
613 2003 668 2044 ad
702 2004 831 2043 finem
860 2005 1079 2059 utriusque
1112 2005 1260 2059 psalmi
1292 2006 1370 2051 viz.
1395 2023 1479 2050 una
1499 2025 1596 2052 cum

69 2065 201 2115 Kyrie
235 2065 398 2111 eleeson,
445 2063 603 2103 Christe
639 2063 805 2111 eleeson,
846 2064 973 2104 Pater
1005 2069 1151 2113 noster,
1186 2070 1257 2105 εἰσ.
1318 2066 1407 2107 Ave
1429 2068 1593 2113 Illaria.

71 2120 244 2162 Deinde
261 2120 477 2161 celebrans
500 2119 625 2168 dicet,
650 2128 692 2159 et
714 2119 868 2160 chorus
891 2128 938 2160 ut
955 2121 1081 2160 moris
1104 2130 1166 2161 est
1188 2123 1474 2176 respondebit.
1538 2129 1600 2168 Et

70 2192 120 2218 ne
141 2192 226 2221 nos.
288 2177 368 2218 Sed
387 2178 515 2217 libera
537 2191 622 2225 nos,
644 2183 712 2217 εἰσ.
775 2177 970 2230 Requiem
989 2184 1178 2228 eternam,
1202 2186 1273 2222 εἰσ.
1337 2183 1398 2221 Εἰ
1415 2183 1485 2222 luce
1498 2197 1597 2233 per-

64 2242 208 2288 petua,
241 2241 311 2275 εἰσ.
373 2234 413 2274 Α
440 2241 578 2286 porta,
611 2240 684 2274 εἰσ.
744 2236 896 2275 Eterne
928 2235 1114 2284 Domine,
1150 2243 1219 2277 εἰσ.
1284 2237 1414 2278 Credo
1442 2242 1592 2292 videre,

71 2300 142 2336 εἰσ.
205 2294 258 2334 In
289 2298 401 2333 terra
433 2294 667 2340 vivencium,
705 2297 775 2333 etc.
842 2293 1020 2332 Domine
1049 2296 1211 2342 exaudi,
1235 2301 1304 2335 εἰσ.
1364 2297 1426 2336 Εἰ
1442 2299 1596 2340 clamor

69 2366 179 2392 meus
209 2352 267 2390 ad
294 2357 341 2399 ἰε,
365 2355 436 2392 εἰσ.
500 2350 704 2390 Dominus
724 2350 938 2389 vobiscum.
998 2351 1060 2389 Et
1076 2364 1165 2391 cum
1182 2354 1330 2403 spiritu
1350 2358 1427 2393 tuo.
1494 2356 1596 2397 Ore-

67 2424 170 2451 mus.
205 2408 369 2461 Atly‘uva
385 2421 456 2448 nos
473 2408 602 2455 Deus,
620 2408 819 2446 salutaris
833 2412 976 2455 noster,
995 2413 1033 2447 εἰ
1046 2409 1288 2449 beatissimae
1296 2412 1598 2467 yenitrieisktuae

67 2469 378 2520 9loriosissimae
407 2479 562 2516 semper
600 2464 785 2516 Viryinis
817 2465 973 2505 Mariae
997 2467 1187 2516 precibus
1207 2474 1397 2508 exoratus
1415 2473 1597 2514 animam

54 2527 217 2579 famuli
236 2527 299 2564 tui
318 2525 428 2576 reyis
448 2522 628 2563 Henriei
646 2523 807 2573 septimi
829 2524 870 2562 in
886 2523 1129 2563 beatitudine
1149 2527 1400 2577 sempiterna>
1419 2528 1564 2570 lucis*

307 2641 324 2657 '²
340 2637 415 2672 The
435 2637 552 2671 record
569 2637 652 2672 ends
668 2636 830 2681 abruptly
847 2636 912 2669 and
929 2648 1037 2671 seems
1054 2642 1089 2672 to
1106 2640 1147 2672 be
1162 2638 1353 2683 imperfect.
