1807 2962
194 106 291 151 12⁴2
540 114 671 148 msr.
698 112 930 149 DUNELM.
955 109 1255 145 scmr'ronsss
1280 106 1414 144 runs.

191 224 427 280 Episcopos
457 222 635 279 legimus
665 221 932 266 renunciasse
964 217 1290 274 Episcopatibus
1319 217 1495 273 pacifice
1509 217 1599 272 jam
1619 231 1715 273 pos-

189 282 332 332 sessis3
369 282 445 323 sed
475 295 638 337 paucos
668 281 734 323 vel
763 279 900 321 nullos
920 285 1089 319 sanctos
1110 276 1222 319 circa
1243 277 1522 331 Episcopatus
1543 290 1620 331 per
1638 277 1716 317 ob-

183 342 326 396 jectus
357 339 537 394 legimus
572 339 773 396 litigasse.
833 335 963 379 Color
995 349 1073 390 pro
1113 334 1308 376 Roberto
1339 334 1419 375 fuit
1438 333 1533 375 iste.
1595 333 1716 389 Papa

191 397 501 453 Episcopatum
532 396 866 439 Dunelmensem
895 392 1020 434 unica
1049 393 1141 434 vice
1168 403 1210 434 et
1232 406 1317 433 non
1339 406 1504 447 semper
1524 405 1612 432 suae
1632 391 1717 432 dis-

190 455 389 510 positioni
428 454 674 505 reservavit,
716 462 760 494 et
799 452 853 493 de
889 450 1040 493 eadem
1075 449 1282 504 disposuit
1322 457 1421 491 ante
1462 448 1716 491 electionem

193 512 387 563 Roberfi,
419 513 520 569 quia
548 527 626 568 per
656 525 788 552 unum
814 509 931 551 diem
962 515 1085 557 ante;
1117 515 1164 548 ut
1189 515 1308 562 patet
1327 522 1382 548 ex
1401 506 1539 551 dictis.
1604 507 1716 548 Cum

190 570 320 628 igitur
350 570 574 625 disponere
604 570 658 611 sit
683 568 859 610 verbum
880 566 982 608 facti
1004 574 1047 607 et
1068 580 1152 606 non
1168 565 1303 620 juris3
1332 579 1409 620 per
1429 564 1716 620 provisionem

190 628 348 670 factam
383 627 570 670 Ricardo
601 626 811 681 expiravit
827 624 1056 666 reservatio
1076 638 1172 679 quae
1193 621 1422 678 praecessit.
1485 621 1585 663 Non
1602 622 1716 663 enim

191 695 303 728 stant
335 685 474 736 simul,
508 684 625 741 quod
658 685 777 739 Papa
803 683 1023 738 disposuit,
1046 690 1089 723 et
1110 680 1226 737 quod
1245 679 1476 722 reservatio
1498 680 1608 722 faeta
1628 695 1717 721 suae

191 743 459 799 disposition-i
494 743 633 784 adhuc
667 741 710 782 in
745 756 822 782 suo
854 741 1010 781 robore
1045 739 1214 780 mansit.
1278 739 1428 780 Posset
1463 739 1577 779 enim
1614 746 1718 780 tnnc

192 802 311 857 Papa
331 802 386 843 de
419 801 572 842 eodem
607 800 644 842 E
678 800 866 854 iscopatu
899 798 1051 839 iterato
1086 797 1325 851 disponere,
1356 795 1511 837 virtute
1530 810 1718 837 reserva-

193 859 320 901 tionis
336 857 571 914 praedictae.
624 816 842 913 'lEempore
863 870 966 910 ergo
1001 853 1217 896 electionis
1254 853 1433 895 Roberti
1455 853 1570 895 nulla
1587 867 1718 895 reser·

191 917 309 959 vatio
340 917 436 967 fuit,
473 931 576 973 ergo
607 914 806 957 electioni
840 929 928 955 suae
964 912 1070 955 nihil
1105 910 1267 953 obstitit
1287 910 1366 951 nisi
1397 910 1584 965 provisio
1604 910 1719 953 facta

190 974 367 1016 domino
421 973 621 1016 Ricardo.
681 973 728 1014 Si
749 987 853 1026 ergo
874 971 945 1012 illa
964 977 1105 1026 posset
1126 969 1241 1011 infici
1261 983 1337 1024 per
1355 969 1551 1023 objectus
1568 983 1579 1018 ;
1609 968 1719 1010 soret

188 1033 260 1087 jus
295 1032 475 1074 Roberti
506 1031 680 1073 clarum.
745 1031 854 1071 Item
886 1028 945 1070 ita
975 1029 1135 1070 clarum
1150 1027 1221 1081 jus
1242 1026 1371 1067 habet
1396 1026 1641 1081 Capitulum
1663 1027 1719 1068 ad

194 1090 454 1145 eligendum,
503 1089 611 1130 sicut
647 1087 798 1143 aliquis
831 1086 1006 1128 clericus
1040 1085 1094 1126 ad
1131 1084 1415 1140 quodcunque
1446 1084 1716 1135 beneficium,

191 1148 292 1204 qnia
326 1148 529 1190 collatum
560 1145 681 1189 sibia
717 1145 837 1199 Rege
870 1152 912 1185 et
944 1157 1020 1198 per
1054 1142 1209 1183 multos
1244 1142 1382 1197 Papas
1407 1143 1717 1186 confirmatum.

197 1207 344 1254 Quare
375 1205 505 1262 igitur
533 1211 678 1259 potest
707 1202 843 1258 magis
874 1201 1040 1242 auferre
1071 1200 1125 1241 ab
1147 1199 1207 1240 eis
1228 1199 1478 1241 electionem
1501 1215 1617 1241 suam
1640 1199 1720 1241 sibi

194 1279 221 1305 a
257 1262 447 1317 Regibus
480 1274 722 1305 concessam
758 1268 801 1301 et
837 1273 912 1315 per
949 1259 1088 1313 Papas
1119 1258 1428 1308 confirmatam,
1452 1272 1578 1313 quam
1600 1258 1719 1299 alteri

191 1320 347 1363 clerico
381 1318 639 1361 beneficium
674 1316 753 1358 sibi
784 1331 810 1358 a
839 1331 915 1357 suo
945 1316 1160 1371 Episcopo
1181 1315 1397 1367 collatum,
1421 1315 1606 1356 maxime
1627 1316 1719 1357 sine

191 1393 331 1420 causae
364 1376 621 1433 cognitione,
655 1383 698 1416 et
730 1389 878 1416 eorum
909 1372 1168 1428 negligentia
1188 1372 1268 1415 hoc
1289 1373 1528 1414 nullatenus
1550 1387 1717 1428 prome-

191 1444 314 1478 rente
328 1437 350 1478 ?
386 1436 495 1477 Item
516 1433 700 1475 maxime
720 1441 785 1474 est
801 1432 882 1473 hoc
900 1432 944 1472 in
960 1431 1063 1487 praej
1072 1429 1255 1473 udicium
1275 1430 1404 1486 Regis
1421 1445 1432 1479 3
1455 1431 1554 1486 quia
1568 1431 1717 1472 eadem

190 1494 354 1536 ratione
389 1500 532 1549 posset
571 1491 691 1546 Papa
721 1504 936 1531 reservare
970 1503 1116 1530 omnes
1154 1488 1434 1542 Episcopatus
1467 1488 1650 1543 Augure,
1675 1498 1718 1530 et

190 1567 263 1594 eos
281 1551 477 1595 conferre
492 1548 789 1591 Cardinalibus
805 1548 872 1589 vel
895 1547 985 1589 aliis
1003 1555 1125 1588 extra
1139 1560 1315 1602 regnum
1333 1547 1716 1595 commorantibus3

192 1618 237 1652 et
258 1610 618 1664 depauperaretur
639 1620 816 1662 regnum
838 1620 913 1660 per
933 1603 1234 1646 abductionem
1256 1603 1464 1657 pecuniae,
1488 1612 1530 1644 et
1549 1603 1718 1658 pericli-

190 1676 354 1710 taretur
370 1674 543 1722 propter
563 1664 776 1705 defectum
798 1662 972 1713 consilii,
994 1661 1111 1718 quod
1131 1661 1274 1715 vigere
1296 1661 1403 1702 solet
1429 1661 1471 1701 in
1495 1661 1716 1716 Episcopis

195 1725 334 1780 Regni
353 1740 363 1766 :
395 1724 462 1766 vel
482 1721 725 1776 alienigenis
746 1720 939 1763 conferre
960 1727 1116 1776 posset,
1140 1720 1212 1775 qui
1234 1719 1276 1759 in
1299 1726 1411 1759 terra
1430 1728 1714 1762 remanerent.

197 1784 252 1824 Et
274 1782 415 1824 adhuc
446 1781 556 1822 foret
580 1779 690 1834 Regi
721 1778 969 1834 periculum,
1015 1777 1130 1833 quod
1161 1784 1224 1817 tot
1246 1776 1440 1817 extranei
1461 1785 1718 1831 occuparent

197 1840 478 1895 Episcopatus
499 1838 543 1878 in
571 1836 736 1892 Anglia,
760 1844 899 1877 castra
923 1845 967 1876 et
988 1835 1071 1876 alia
1091 1834 1150 1875 eis
1172 1835 1442 1887 pertinentia,
1465 1833 1564 1889 quia
1584 1833 1718 1876 insur-

192 1905 342 1951 gerent
362 1911 458 1937 cum
476 1893 722 1948 alienigenis
739 1901 888 1934 contra
912 1893 1091 1946 Regem.
1136 1891 1235 1931 Rex
1255 1890 1382 1932 etiam
1399 1892 1565 1945 juratus
1587 1892 1718 1934 estad

194 1955 398 2011 Magnam
424 1953 624 2000 Cartam3
677 1950 795 2005 cujus
828 1964 933 1990 unus
969 1948 1170 1990 articulus
1194 1957 1272 1998 est,
1301 1957 1348 1989 ut
1380 1948 1606 1990 electiones
1635 1949 1718 1990 sint

189 2013 352 2055 liberae.
418 2009 560 2051 Multa
586 2016 708 2049 erant
739 2007 833 2057 alia,
863 2021 960 2064 quae
988 2006 1168 2060 majores
1189 2007 1309 2059 regni
1333 2006 1565 2048 monebant
1585 2007 1639 2049 ad
1657 2007 1719 2048 lo„

190 2070 408 2126 quendum
430 2067 484 2111 de
516 2067 596 2107 ista
615 2064 806 2107 materia.

250 2241 582 2285 Memorandum
632 2239 749 2296 quod
790 2240 946 2281 Beatus
996 2238 1260 2280 Cuthbertus
1299 2236 1485 2292 suscepit
1525 2236 1717 2278 habitum

192 2301 498 2344 monachorum
528 2298 642 2353 apud
667 2297 860 2348 Mailros,
893 2311 1005 2337 anno
1033 2295 1207 2337 Domi-ni
1240 2299 1381 2337 Dc⁰L1.
1441 2294 1496 2335 Et
1524 2309 1619 2335 cum
1641 2308 1718 2335 xlv

193 2361 236 2401 in
285 2358 432 2400 habitu
474 2365 621 2411 ageret
663 2369 821 2396 annum
862 2354 997 2395 factus
1041 2353 1119 2395 fuit
1163 2352 1286 2394 Prior
1330 2351 1715 2407 Lyndisfarnensis‚

195 2418 269 2458 ubi
290 2431 385 2458 cum
408 2428 474 2456 ΧΗ
508 2421 654 2468 ageret
680 2427 852 2463 annum,
887 2412 1022 2453 factus
1051 2420 1115 2452 est
1143 2409 1387 2452 anachorita
1418 2408 1460 2449 in
1492 2410 1643 2458 Fal-ne,
1677 2419 1720 2450 et

194 2489 291 2516 cum
323 2473 381 2515 ibi
413 2471 684 2526 transegisset
716 2484 763 2511 1x
809 2484 944 2512 annos
990 2477 1261 2510 consecratus
1290 2476 1352 2508 est
1391 2467 1434 2507 in
1470 2466 1719 2522 episcopum

195 2532 306 2587 apud
335 2532 573 2573 Eboracum
608 2542 651 2569 V1
686 2528 768 2569 kal.
807 2527 974 2582 Aprilis,
1008 2527 1098 2581 ipso
1131 2525 1200 2567 die
1225 2525 1415 2574 Paschae,
1439 2525 1718 2579 praesentibus

198 2591 319 2644 Rege
338 2588 527 2644 [ign-ido,
547 2585 912 2641 etvtlEpiscopis,
929 2586 1037 2625 inter
1053 2599 1158 2640 quos
1175 2583 1428 2624 Theodorus
1443 2582 1718 2636 archiepisco-

194 2662 270 2702 pus
288 2646 556 2702 praesidebat‚
576 2659 693 2686 anno
709 2653 806 2692 etc„
827 2648 1072 2685 nc⁰12xxxv.
1118 2642 1171 2682 Et
1193 2656 1288 2681 cum
1309 2641 1349 2681 in
1369 2639 1612 2694 episcopatu
1632 2640 1719 2680 fere

196 2705 302 2746 duos
325 2703 593 2758 transegisset
614 2716 758 2751 annos,
783 2701 951 2755 repetiit
974 2700 1149 2741 insulam
1175 2699 1326 2748 Farne,
1350 2697 1420 2739 ubi
1438 2706 1533 2752 post
1562 2698 1717 2746 natale,
