1807 2962
424 103 703 135 APPENDIX.
733 104 854 138 ANN.
884 106 1140 140 Mccxxxv.
1494 103 1556 152 xli

23 210 85 251 eis
127 209 180 249 sit
225 208 516 263 personaliter..
580 210 783 254 Similiter
829 213 1027 256 dominus
1073 214 1196 257 Prior
1235 233 1340 275 quos
1382 222 1469 274 wlt,
1512 233 1555 266 et

28 266 198 323 quando
233 266 316 316 wlt,
358 268 515 322 poterit
550 283 690 310 secum
728 285 963 314 convocare
977 288 989 322 ;
1041 275 1194 316 ceteris
1235 278 1433 322 omnibus
1474 281 1556 323 lioc

28 332 232 366 statutum
254 325 575 368 observantibus
597 327 790 373 firmiter.

460 443 530 483 De
549 445 702 485 tunicis
719 445 872 485 dandis
895 444 1130 490 Conventuz'.

91 530 203 572 Item
241 538 444 572 statutum
482 540 546 573 est
585 548 662 588 per
698 535 888 586 eosdem,
925 545 986 588 ut,
1027 539 1202 594 singulis
1239 544 1371 595 annis,
1407 546 1564 588 dentur

38 588 282 631 Conventui
316 602 341 629 L
367 589 535 640 tunicae,
559 591 613 632 de
634 592 902 646 longitudine
924 596 1147 638 sufficienti
1170 607 1212 640 et
1234 600 1482 654 latitudine3
1506 605 1566 647 ita.

36 646 152 703 quod
174 646 307 701 possit
329 662 481 702 capere
503 647 609 690 duas
626 650 798 704 pellicas
820 652 874 692 ad
897 652 1033 695 minus
1056 655 1110 697 de
1127 671 1229 711 saga
1250 659 1315 700 vel
1337 660 1391 702 de
1411 663 1564 717 sargia,

36 719 112 759 per
142 719 311 745 manum
334 705 568 748 camerarii.
632 708 745 757 Quae
763 709 918 751 tunicae
939 712 1114 769 singulis
1136 716 1254 756 annis
1277 718 1469 761 innovari
1492 722 1568 763 de-

35 763 155 806 bent.
215 762 302 810 Qui
321 777 450 804 novas
468 764 678 820 recipiunt
695 767 877 809 reddant
899 769 1037 810 Priori
1059 771 1232 827 singulis
1249 775 1367 817 annis
1385 787 1565 830 vetereS,

37 820 294 876 pauperibus
328 821 491 863 clericis
525 822 743 866 caritative
765 824 1113 879 distribuendas,
1164 831 1249 879 Qui
1272 843 1458 877 veterem
1482 853 1570 879 non

40 878 275 920 reddiderit
296 888 437 920 careat
458 894 583 931 nova,
603 882 739 923 donec
757 883 1007 926 satisfecerit
1024 887 1230 942 plenarie.
1288 891 1399 939 Quae
1416 894 1573 937 tunicae

41 935 345 977 distribuendae
367 946 467 978 sunt
490 939 727 994 Suppriori,
752 952 794 982 et
816 942 1028 995 omnibus,
1052 946 1123 1001 qui
1142 946 1184 988 in
1205 948 1433 992 Conventu
1454 962 1569 1004 sunt,

40 993 235 1048 exceptis
257 994 424 1036 novitii-s
446 1004 487 1037 et
504 996 756 1050 juvencellis
779 1009 822 1040 et
844 1001 1163 1045 obedientiariis
1181 1021 1192 1054 ;
1215 1007 1375 1050 scilicet
1396 1010 1573 1052 domino

47 1051 210 1101 Priore,
231 1052 445 1103 Ten-ario,
467 1054 724 1106 Camerario,
749 1057 1011 1110 Hostillario,
1031 1062 1227 1114 Sacris-ta,
1249 1065 1573 1121 Elemosinario,

43 1109 117 1165 qui
151 1109 228 1150 sibi
264 1110 530 1165 provideant.
596 1114 662 1154 Ad
697 1114 772 1155 has
795 1125 937 1157 autem
960 1119 1125 1161 tunicas
1148 1121 1424 1166 inveniendas
1446 1127 1575 1182 assig-

45 1178 159 1208 natae
182 1177 280 1208 sunt
302 1183 331 1208 x
352 1183 507 1211 marcae
529 1170 582 1211 de
604 1172 808 1225 pensione
830 1175 1023 1217 ecclesiae
1041 1177 1095 1220 de
1114 1178 1317 1233 Daltona,
1341 1198 1438 1239 quae
1452 1186 1575 1226 reddi

45 1225 239 1267 solebant
260 1226 315 1267 ad
336 1227 566 1269 scacarium
586 1229 747 1270 domini
770 1231 944 1274 Prioris.

455 1344 524 1385 De
539 1349 950 1390 excommunicacione
950 1350 1170 1403 facienda.

115 1432 240 1482 Item,
274 1432 329 1473 ad
365 1432 679 1488 reprimendam
709 1436 1032 1491 malignantium
1055 1444 1354 1497 temeritatem,
1378 1455 1583 1493 statutum

50 1499 119 1532 est
150 1505 227 1546 per
248 1490 435 1541 eosdem,
461 1499 521 1540 ut,
546 1494 777 1535 secundum
801 1497 1018 1552 antiquam
1042 1508 1084 1540 et
1105 1504 1385 1556 approbatam
1407 1522 1587 1550 consue-

51 1548 244 1590 tudinem
265 1547 453 1590 ecclesiae
477 1549 793 1603 Dunelmensis‚
817 1558 1242 1601 excommunicentur
1259 1570 1323 1603 ter
1344 1563 1384 1603 in
1408 1579 1519 1607 anno
1542 1567 1586 1608 in

53 1620 225 1662 genere,
269 1607 456 1647 accensis
497 1609 698 1660 candelis,
741 1620 786 1652 et
824 1612 998 1666 pulsatis
1040 1618 1255 1672 campanis
1297 1622 1585 1678 solempniter,

56 1659 202 1705 omnes
234 1663 308 1714 illi,
341 1663 413 1720 qui
433 1664 614 1707 scienter
636 1676 679 1707 et
700 1668 932 1722 prudenter
951 1675 1203 1726 perturbant
1224 1692 1374 1732 pacem
1397 1681 1588 1724 ecclesiae

59 1721 376 1772 DunelmensiS,
410 1731 454 1762 et
485 1723 556 1778 qui
588 1724 822 1782 infi'ingunt
843 1728 909 1769 vel
930 1729 1126 1773 minuunt
1141 1734 1254 1788 jura,
1288 1736 1519 1789 libertates,
1544 1749 1588 1782 et

57 1779 344 1835 possessiones
377 1780 565 1822 ecclesiae
596 1783 895 1826 Dunelmensis
910 1801 921 1835 3
954 1787 1115 1831 scilicet
1140 1792 1301 1834 domini
1325 1795 1525 1852 Episcopi
1548 1806 1592 1840 et

62 1837 220 1879 Prioris
257 1846 298 1879 et
341 1838 588 1880 Conventus
631 1840 959 1886 Dunelmensis:
1001 1847 1171 1900 scilicet,
1210 1851 1442 1895 Dominica
1481 1855 1591 1897 infra

66 1895 219 1937 Octab'
245 1895 401 1937 Natale
434 1896 622 1948 Domini,
658 1898 887 1942 Dominica
918 1903 1048 1944 clausi
1086 1906 1270 1960 Paschae,
1295 1919 1338 1951 et
1361 1911 1591 1956 Dominica

62 1952 172 1995 infra
192 1954 329 1995 octab’
352 1956 486 1996 sancti
510 1956 737 1999 Cuthberti
757 1957 800 1998 in
824 1960 1080 2015 Septembri.

139 2070 210 2111 De
229 2072 401 2112 servicio
421 2072 549 2112 debito
569 2073 718 2115 Priori
738 2075 1006 2119 Dzmelmensz'
1023 2081 1072 2121 de
1096 2082 1513 2136 Coldz‘nylzamschire.

128 2175 250 2226 Item,
284 2191 338 2218 ne
368 2177 479 2219 forte
512 2179 732 2234 contingat
767 2181 811 2224 in
844 2194 1059 2238 posterum
1092 2189 1312 2241 pervenire
1344 2191 1386 2231 in
1418 2192 1593 2236 dubium

66 2248 163 2289 quae
185 2234 394 2292 homagia,
413 2237 581 2287 relevia,
599 2239 831 2297 maritagia,
849 2243 903 2283 de
921 2243 1341 2302 Coldinghamscyre,
1357 2251 1600 2304 pertineant

69 2291 124 2331 ad
147 2291 336 2333 Priorem
360 2293 709 2346 Dunelmensem,
727 2298 808 2339 suit
830 2314 905 2354 per
926 2301 1098 2342 eosdem
1121 2311 1343 2355 statutum,
1367 2315 1411 2347 et
1427 2309 1600 2364 scripto,

71 2348 125 2389 ad
158 2351 405 2391 memoriam
441 2353 774 2402 succedencium³
806 2358 860 2397 ad
885 2358 991 2412 juris
1025 2359 1185 2401 Prioris
1209 2362 1514 2406 Dunelmensis
1535 2383 1603 2410 re-

71 2405 373 2460 cognitionem,
415 2411 531 2464 quod
571 2410 814 2466 hujusmodi
853 2414 1046 2457 homines
1086 2418 1324 2474 subscripti,
1368 2431 1411 2463 et
1452 2439 1601 2468 eorum

72 2463 266 2514 heredes,
305 2464 358 2505 de
394 2466 831 2521 Coldinghamschire‚
867 2472 1007 2514 facere
1039 2475 1199 2516 debent
1229 2476 1428 2533 homagia
1461 2481 1601 2526 Priori

75 2521 379 2563 Dunelmensi:
414 2524 574 2565 scilicet
601 2526 762 2567 Alanus
790 2529 843 2569 de
865 2544 995 2583 parva
1018 2531 1231 2575 Wintona
1253 2544 1295 2576 et
1315 2536 1493 2580 heredes
1516 2542 1603 2593 sui3

80 2579 326 2620 Willielmus
348 2581 401 2621 de
421 2581 722 2625 Morthintona
742 2594 784 2626 et
807 2586 984 2629 heredes
1002 2589 1080 2639 sui,
1098 2590 1150 2631 de
1168 2592 1396 2636 medietate
1419 2596 1531 2639 villae
1549 2601 1603 2643 de

79 2636 394 2687 Lambertona3
424 2639 682 2681 Willielmus
705 2643 758 2683 de
781 2643 1009 2703 Lyndesey
1031 2656 1073 2688 et
1095 2647 1272 2691 heredes
1295 2652 1373 2703 sui,
1398 2654 1452 2694 de
1474 2671 1605 2710 parva

79 2694 365 2737 Lambertona
396 2706 439 2738 et
460 2713 656 2740 mansura
677 2710 799 2742 extra
822 2702 987 2753 villam3
1021 2705 1160 2746 Adam
1184 2708 1237 2748 de
1260 2709 1542 2767 Prendregest
1566 2727 1608 2760 et

76 2751 256 2796 heredes
289 2754 365 2807 sui,
405 2757 458 2796 de
495 2756 779 2815 Prendregest
813 2769 853 2802 et
885 2760 1060 2806 dimidia
1081 2775 1279 2809 carucata
1301 2776 1426 2811 terrae
1447 2771 1489 2812 in
1512 2775 1611 2817 villa
