1807 2962
216 120 244 151 X
510 115 643 147 HIST.
672 111 909 145 DUNELM.
939 111 1244 145 SCRIPTORES
1265 114 1402 147 TRES.

213 224 386 267 tutionis
418 222 614 278 paginam
647 221 795 270 sciens,
820 228 968 262 contra
988 235 1082 262 earn
1105 228 1264 261 temere
1287 221 1429 262 venire
1451 225 1732 278 temptaverit,

213 283 400 326 secundo
460 280 644 323 terciove
685 278 955 328 commonita,
1018 277 1051 318 si
1092 292 1178 318 non
1219 278 1506 321 satisfactione
1546 296 1735 335 congrua

207 339 512 389 emendaverit,
535 338 758 393 potestatis
779 336 1035 392 honorisque
1056 334 1119 375 sui
1136 334 1341 389 dignitate
1358 345 1515 388 careat,
1533 353 1734 395 reamque

211 416 255 442 se
287 399 429 440 divino
453 396 618 452 judicio
644 394 824 436 existere
846 394 898 434 de
919 402 1160 448 perpetrata
1180 393 1404 449 iniquitate
1426 405 1669 450 cognoscat,
1694 406 1736 438 et

210 473 236 499 a
265 455 547 498 sacratissimo
579 467 758 507 corpore
786 466 835 493 ac
857 451 1059 508 sanguine
1082 449 1165 492 Dei
1188 460 1230 492 et
1253 451 1431 493 Domini
1452 453 1735 509 redemptoris

206 515 341 557 nostri
373 515 475 556 Jesu
512 510 671 553 Christi
702 509 840 551 aliena
873 510 963 560 fiat,
997 517 1124 565 atque
1157 507 1199 548 in
1219 518 1414 550 extremo
1435 513 1630 552 examine
1652 512 1736 552 dis-

210 575 348 615 trictae
385 569 542 612 ulcioni
578 569 809 622 subjaceat.
875 566 1050 608 Cunctis
1084 574 1226 607 autem
1262 567 1398 608 Priori
1430 577 1473 609 et
1516 569 1734 610 monachis

208 630 400 686 ejusdem
438 628 534 677 loci,
570 627 687 681 justa
722 625 999 675 servantibus,
1034 623 1086 665 sit
1122 638 1208 679 pax
1246 624 1423 666 Domini
1463 627 1597 667 nostri
1632 627 1734 669 Jesu

212 687 397 736 Christi3
431 685 627 742 quatinus
664 691 707 725 et
738 683 807 723 hic
841 683 1026 723 fructum
1059 682 1184 723 bonae
1216 682 1397 724 accionis
1420 684 1667 740 percipiant,
1691 693 1736 727 et

206 747 321 803 apud
339 741 777 797 districtumjudicem
794 740 971 796 praemia
987 747 1144 781 eternae
1162 739 1274 795 pacis
1294 740 1523 783 inveniant.
1577 743 1731 791 Amen,

205 808 361 854 Amen,
386 804 540 844 Amen.
603 800 720 841 Data
742 798 998 848 Beneventi,
1022 812 1096 852 per
1117 812 1287 839 manum
1309 798 1513 840 Johannis
1559 800 1732 841 Cartan'

211 863 381 904 Sanctae
406 860 613 902 Romanae
638 856 841 898 Ecclesiae
870 855 1040 897 diaconi
1062 855 1286 896 cardinalis
1307 866 1349 898 et
1370 856 1624 907 cancellarii,
1649 871 1731 898 vm

205 920 299 961 idus
330 916 537 966 ,Ianum-ii,
562 915 791 956 indictione
814 928 872 964 vl,
896 913 1203 955 incarnacionis
1226 913 1452 955 dominicae
1476 916 1607 956 Anno
1631 915 1733 956 Mil-

207 978 355 1019 lesimo
379 979 632 1024 Lxxx⁰111⁰.,
655 972 929 1027 pontificatus
951 980 1096 1012 autem
1119 970 1277 1012 domini
1305 972 1503 1026 Gregorii
1524 987 1647 1028 papae
1670 986 1730 1014 νη

205 1050 318 1077 anno
340 1033 520 1076 decimo.

353 1279 410 1306 IV.
448 1275 593 1304 CARTA
618 1274 877 1303 LANFRANCI
902 1274 1256 1301 ARCHIEPISCOPI
1281 1273 1568 1303 CANTUARIAE.

801 1352 913 1394 [Cart.
935 1352 964 1384 1.
986 1351 1009 1384 f.
1031 1353 1125 1395 197.]

267 1433 531 1476 Lanfrancus
565 1429 650 1473 Dei
687 1428 830 1485 gracia
864 1429 1209 1470 Dorobornensis
1247 1429 1480 1484 episcopuS,
1520 1428 1729 1471 Omnibus

208 1492 375 1550 Angliae
398 1489 628 1545 Episcopis,
649 1497 734 1529 tam
750 1486 1027 1543 praesentibus
1044 1503 1168 1543 quam
1185 1487 1351 1536 futuris,
1371 1486 1562 1528 salutem.
1588 1486 1731 1529 Nove-

203 1551 292 1592 ritis
330 1565 407 1591 nos
443 1549 524 1589 hoc
559 1546 762 1601 scriptum
795 1560 850 1586 ex
886 1544 1047 1586 domini
1085 1545 1215 1599 Papae
1250 1544 1450 1598 Gregorii
1494 1558 1568 1586 v11.
1602 1553 1645 1586 et
1675 1560 1731 1586 ex

203 1616 420 1664 praecepto
452 1604 613 1647 domini
650 1602 785 1645 nostri
821 1602 951 1657 Regis
990 1603 1230 1657 Anglorum
1271 1602 1529 1653 Gwillielmi,
1555 1611 1729 1656 petente

208 1665 465 1708 Gwillielmo
501 1664 627 1704 fratre
664 1669 811 1702 nostro
845 1659 1128 1702 Dunelmensi
1159 1660 1446 1716 co-episcopo,
1470 1659 1512 1700 in
1539 1660 1730 1701 Consilio

204 1721 499 1766 Lundoniensi
520 1718 826 1773 conscripsisse.
890 1718 1097 1759 Praesenti
1128 1718 1257 1773 igitur
1277 1728 1395 1759 carta
1415 1717 1728 1768 subscribimus,

204 1781 491 1828 testificamur,
524 1787 581 1828 et,
613 1776 867 1819 auctoritate
890 1775 1009 1817 nobis
1031 1791 1055 1817 a
1078 1777 1175 1817 Deo
1197 1775 1365 1826 collata,
1388 1775 1601 1830 perpetuis
1624 1785 1731 1816 tem-

203 1839 377 1895 poribus
411 1837 710 1877 confirmantes
747 1834 1021 1882 roboramus3
1068 1833 1281 1882 Quatinus
1316 1833 1578 1888 Episcopalis
1607 1833 1728 1875 sedes

203 1911 288 1937 una
323 1909 420 1936 cum
455 1894 568 1935 beati
592 1892 821 1933 Cuthberti
855 1905 1048 1945 corpore,
1086 1906 1181 1932 cum
1216 1890 1331 1931 omni
1362 1890 1605 1944 integritate
1641 1906 1729 1933 suae

203 1952 399 1996 Diocesis
416 1949 715 1991 inviolabiliter
730 1956 988 2003 permaneat,
1008 1956 1052 1989 et
1073 1962 1167 1989 cum
1184 1947 1297 1988 omni
1315 1947 1537 2002 parrochia
1554 1963 1648 2003 quae
1667 1961 1730 1991 est

203 2013 314 2052 inter
338 2010 449 2050 Tese
486 2016 528 2049 et
559 2007 734 2055 Twede,
758 2020 852 2046 cum
888 2005 1064 2046 ecclesia
1095 2005 1447 2062 Hagustaldensi‚
1487 2015 1530 2047 et
1562 2006 1729 2047 Lindis-

203 2067 388 2110 farnensi
426 2066 497 2106 ubi
528 2064 760 2119 antiquitus
787 2062 1058 2117 Episcopales
1090 2064 1208 2104 sedes
1250 2063 1431 2113 fuerant,
1454 2071 1496 2104 et
1531 2063 1728 2105 Carleolo

204 2135 246 2168 et
268 2123 561 2172 Tevietedale,
585 2131 627 2163 et
642 2120 835 2163 omnibus
851 2120 1074 2174 provinciis
1089 2121 1394 2176 adjacentibuS,
1414 2120 1725 2172 inviolabiliter,

202 2183 357 2225 eternis
379 2179 641 2236 temporibus
670 2187 926 2234 perseveret.
987 2179 1200 2220 Dominus
1222 2178 1334 2220 enim
1358 2179 1486 2233 Papa,
1508 2179 1726 2234 praefatus,

211 2239 460 2297 GregoriuS,
494 2237 630 2288 nobis,
665 2246 704 2278 et
736 2235 855 2276 fratri
886 2244 1032 2277 nostro
1059 2236 1242 2277 Thomae
1267 2236 1525 2277 Eboracensi
1552 2237 1728 2278 Archie-

204 2299 391 2355 piscopo,
415 2304 459 2338 et
483 2295 593 2349 Regi
617 2293 887 2343 Gwillielmo,
911 2293 952 2334 in
985 2293 1023 2334 vi
1054 2294 1310 2335 obedientiae
1331 2294 1423 2334 haec
1445 2293 1566 2335 nobis
1588 2294 1728 2349 injun-

203 2359 282 2406 xit,
306 2355 505 2411 quatinus
536 2354 625 2408 ejus
657 2351 861 2406 susceptis
894 2351 1128 2392 litterarum
1151 2351 1348 2401 decretis,
1372 2365 1481 2407 quae,
1505 2351 1725 2393 deferente

207 2413 463 2456 Gwillielmo
495 2409 780 2453 Dunolmensi
816 2409 1028 2463 Episcopo
1050 2408 1296 2459 venerabili,
1335 2408 1457 2450 nobis
1493 2409 1723 2458 direxerat,

203 2487 280 2513 nos
303 2470 452 2512 eadem
475 2484 571 2526 quae
603 2483 679 2509 sua
709 2476 753 2508 et
771 2467 887 2508 beati
912 2466 1029 2508 Petri
1052 2466 1306 2507 auctoritate
1327 2474 1546 2516 statuerat,
1568 2467 1724 2509 nostris

201 2529 454 2583 scriptorum
476 2525 743 2567 munimentis
765 2525 1126 2574 confirmaremus,
1151 2532 1192 2565 et
1213 2523 1408 2565 omnibus
1426 2538 1501 2577 per
1523 2524 1724 2578 Angliam

202 2586 355 2627 futuris
376 2584 597 2639 Episcopis
618 2592 710 2623 rata
731 2582 872 2632 fuisse,
889 2591 1059 2631 statuta,
1079 2590 1121 2623 et
1138 2582 1303 2622 sanxita
1317 2597 1341 2623 a
1357 2581 1457 2622 sede
1476 2581 1724 2635 Apostolica

200 2644 538 2685 testificaremur.
604 2640 749 2689 Quare
771 2640 875 2680 scire
897 2655 971 2680 vos
989 2640 1182 2681 volumus
1196 2639 1296 2695 quia
1312 2639 1468 2688 omnia,
1484 2653 1580 2694 quae
1597 2654 1724 2694 supra

203 2700 487 2749 meminimus,
527 2707 614 2739 tam
645 2712 670 2738 a
701 2697 876 2738 domino
901 2697 1018 2751 Papa
1039 2711 1163 2752 quam
1186 2712 1211 2738 a
1232 2696 1353 2737 nobis
1376 2696 1576 2738 inviolata
1597 2706 1640 2737 et
1661 2697 1722 2737 in-

201 2772 403 2800 concussa
423 2755 578 2798 eternis
599 2769 870 2810 perseverare
887 2755 1161 2809 temporibus,
1183 2769 1263 2796 una
1285 2769 1380 2796 cum
1400 2754 1520 2808 Rege
1541 2754 1721 2808 praefato
