1807 2962
717 53 994 87 APPENDIX.
1536 39 1615 88 xiil

89 166 156 209 vel
178 164 231 208 ad
254 163 418 220 synoda
440 161 505 204 vel
527 162 580 203 ad
603 161 790 218 capitula
812 162 886 212 ire,
910 161 990 202 nisi
1008 159 1137 202 velint
1153 166 1320 214 sponte,
1344 161 1616 215 compellant.

93 227 168 268 Set
189 224 222 264 si
245 221 337 278 quis
359 235 460 275 erga
477 235 548 261 eos
573 220 638 261 vel
660 235 757 261 suos
779 216 962 275 aliquam
981 218 1200 275 querelam
1222 217 1372 259 habuit
1387 218 1440 259 ad
1458 220 1617 261 curiam

91 281 225 325 sancti
269 277 496 321 Cuthberti
540 278 804 319 Dunelmum
840 279 1010 326 veniat3
1042 286 1089 318 ut
1129 275 1186 317 ibi
1218 275 1387 331 qualem
1423 276 1621 318 debuerit

92 337 390 382 rectitudinem
427 335 647 391 percipiat.
717 336 879 377 Omnes
913 335 1023 376 enim
1056 334 1273 376 libertates
1305 342 1349 375 et
1376 333 1619 388 dignitates,

92 412 195 455 quas
226 410 308 452 ego
344 403 388 436 et
419 394 501 434 mei
533 408 734 450 sequaces
763 393 804 434 in
827 393 1012 434 ecclesiis
1036 393 1214 447 propriis
1237 392 1305 433 vel
1328 392 1446 433 terris
1469 393 1624 433 nostris

91 452 404 512 possiderimus,
427 451 526 507 ipsis
561 463 603 493 et
633 460 777 493 sancto
804 451 1043 492 Cuthberto
1075 451 1117 491 in
1151 449 1347 491 omnibus
1377 450 1565 492 ecclesiis
1587 459 1629 492 et

95 514 216 556 terris
238 511 320 552 suis
342 511 472 551 libere
503 510 545 550 in
578 518 833 565 perpetuum
856 508 1140 559 concedimus,
1163 517 1207 549 et
1227 508 1386 564 absque
1408 508 1523 548 omni
1545 517 1628 549 ter-

96 569 388 630 giversacione
409 569 495 608 sive
518 567 757 622 calumpnia
788 582 813 608 a
840 581 906 608 me
928 567 1118 623 meisque
1141 566 1451 607 successoribus
1474 566 1627 607 liberas

99 639 140 672 et
163 627 326 685 quietas
357 627 671 667 confirmamus.
734 624 1035 666 Testificamur
1065 623 1308 665 auctoritati
1335 632 1378 665 et
1400 623 1629 665 donacioni

98 686 228 743 patris
255 685 456 741 Gregorii
481 684 608 738 Papae
632 697 726 733 vn„
751 691 794 724 et
817 682 1138 724 confirmacioni
1165 682 1294 737 Regis
1316 681 1554 732 willielmi,
1578 681 1632 723 de

99 744 366 786 libertatibus
403 757 507 798 quas
542 741 732 797 praefatae
755 741 945 782 ecclesiae
982 740 1117 782 sancti
1152 739 1381 782 Cuthberti
1422 740 1464 780 in
1501 740 1630 795 pleno

105 801 297 845 Concilio
319 803 432 855 apud
461 799 878 841 Westmonasterium
896 807 1210 849 concesserunt,
1226 807 1269 839 et
1291 812 1394 854 quas
1414 798 1634 840 Prioribus

105 869 149 902 et
187 857 415 901 Monachis
450 858 578 912 ipsius
615 857 805 899 ecclesiae
846 857 1132 900 contulerunt.
1198 856 1313 897 Nam
1344 865 1440 911 post
1468 855 1638 911 privile-

105 919 220 974 gium
248 915 483 958 Guillielmi
515 915 653 957 fratris
688 915 819 956 nostri
852 914 1153 956 Dunelmensis
1177 914 1393 970 Episcopi,
1429 923 1515 956 tam
1538 930 1635 972 ego,

107 991 233 1033 quam
267 975 531 1016 Lanfrancus
565 973 881 1016 Cantuariensis
915 973 1287 1028 Archiepiscopus,
1322 973 1452 1014 literis
1484 972 1637 1014 nostris

108 1033 431 1088 subscripsimus
457 1041 501 1073 et
522 1031 667 1086 sigillis
698 1031 878 1086 propriis
900 1031 1182 1073 concessimus
1205 1040 1249 1072 et
1271 1030 1640 1079 confirmavimus3

110 1092 308 1134 videlicet
330 1099 378 1131 ut
401 1090 531 1132 Sedes
555 1089 820 1145 Episcopalis
844 1105 928 1131 una
945 1104 1040 1131 cum
1059 1089 1175 1131 beati
1196 1089 1461 1131 Confessoris
1483 1103 1641 1144 copore

110 1165 207 1192 cum
226 1149 344 1191 omni
360 1148 604 1203 integritate
619 1148 746 1203 ipsius
762 1147 1043 1203 Episcopatus
1058 1147 1358 1189 inviolabiliter
1368 1155 1640 1203 permaneat3

113 1208 232 1263 cujus
257 1206 450 1247 Diocesis
482 1206 544 1247 ita
579 1205 847 1260 protenditur
883 1215 927 1247 et
963 1205 1176 1246 definitur.
1241 1205 1357 1246 Tota
1393 1215 1506 1247 terra
1546 1220 1645 1261 quae

116 1276 179 1308 est
200 1265 310 1306 inter
343 1264 455 1305 Tese
477 1273 520 1305 et
543 1264 682 1320 Tyne,
718 1263 1063 1314 Northum'land,
1095 1262 1420 1314 Thevietedale,
1447 1263 1646 1313 Tindale‚

118 1323 374 1372 Carleolum,
404 1321 651 1371 Weredale,
687 1336 785 1362 cum
827 1322 1019 1362 Ecclesia
1052 1322 1106 1363 de
1135 1320 1430 1362 Extildesham
1464 1329 1507 1363 et
1529 1320 1646 1362 omni

118 1381 320 1438 parochia
349 1379 596 1435 pertinenti,
629 1390 673 1421 et
709 1379 900 1421 Ecclesia
931 1379 1286 1430 Lindisfarnensi,
1321 1379 1393 1420 ubi
1415 1380 1649 1435 antiquitus

122 1439 405 1496 Episcopatus
438 1438 684 1479 extiterant.
746 1437 797 1478 In
821 1439 937 1479 omni
960 1437 1094 1479 eciam
1118 1446 1231 1479 terra
1251 1438 1384 1479 sancti
1408 1437 1649 1487 Cuthberti,

122 1513 248 1555 quam
291 1496 492 1552 Episcopi
527 1496 594 1537 vel
631 1495 837 1536 Monachi
866 1498 982 1552 juste
1018 1495 1243 1552 adquirere
1279 1495 1484 1551 poterint,
1509 1495 1575 1537 vel
1607 1495 1650 1536 in

121 1555 325 1613 praesenti
355 1554 588 1610 possident,
612 1553 889 1595 rectitudines
920 1568 1080 1604 omneS,
1103 1554 1432 1596 consuetudines
1463 1562 1507 1595 et
1529 1553 1656 1595 liber-

124 1625 246 1663 tateS,
284 1627 379 1668 quae
412 1612 466 1653 ad
508 1611 636 1666 Regis
673 1626 875 1653 coronam
911 1611 1144 1667 pertinent,
1181 1621 1267 1652 tam
1304 1612 1424 1667 Papa
1448 1611 1653 1668 praefatus

125 1686 251 1728 quam
280 1670 375 1712 Rex
403 1669 649 1711 Willielmus
683 1669 742 1711 eis
771 1679 1089 1721 concesserunt,
1114 1670 1266 1711 liberas
1303 1678 1345 1711 et
1376 1671 1541 1726 quietas
1562 1684 1654 1712 om-

125 1730 227 1771 nino
262 1738 306 1770 et
327 1728 483 1784 ubique
505 1729 547 1768 in
572 1729 726 1782 Regno
749 1728 1001 1783 Anglorum,
1026 1729 1078 1769 ab
1100 1727 1215 1769 omni
1237 1728 1416 1770 servicio
1436 1727 1655 1785 perpetuis

128 1787 388 1843 temporibus
429 1787 802 1827 confirmaverunt.
895 1786 1175 1828 Gwillielmus
1211 1801 1313 1827 vero
1356 1786 1659 1830 Dunelmensis

132 1848 366 1903 Episcopus
397 1844 441 1885 in
474 1845 628 1886 eodem
663 1844 870 1895 Concilio,
904 1844 1156 1886 auctoritate
1188 1844 1383 1900 praedicti
1426 1846 1572 1902 Papae,
1616 1852 1660 1886 et

131 1905 265 1960 Regis
287 1904 633 1953 confirmacione,
657 1903 711 1944 de
734 1902 856 1943 terris
878 1902 1155 1958 Episcopatus
1178 1902 1242 1944 sui
1262 1902 1488 1946 Monachis
1509 1902 1660 1945 tribuit

132 1972 176 2006 et
209 1961 359 2004 futuris
396 1961 614 2003 Prioribus
656 1961 697 2001 in
725 1960 913 2002 Ecclesia
947 1962 1038 2016 ipsa
1068 1961 1200 2003 sedile
1222 1962 1406 2004 Abbatis
1428 1962 1471 2004 in
1492 1962 1661 2003 sinistro

133 2023 265 2064 choro
287 2019 494 2062 concessit
510 2029 554 2061 et
574 2033 720 2061 omnes
743 2019 852 2060 vices
875 2027 918 2061 et
935 2019 1167 2076 dignitates
1185 2019 1364 2062 Abbatis
1381 2020 1440 2062 eis
1462 2019 1660 2063 contulit.

138 2079 355 2135 Quicquid
383 2077 518 2119 eciam
538 2078 739 2120 Decanus
764 2077 1046 2120 Eboracensis
1063 2078 1140 2118 sub
1164 2077 1501 2135 Archiepiscopo
1523 2077 1665 2122 obtin-

136 2137 276 2181 nuerit
306 2136 429 2180 Prior
451 2135 752 2178 Dunelmensis
789 2137 867 2177 sub
902 2136 1117 2191 Episcopo
1138 2135 1272 2178 libere
1293 2137 1541 2192 possidebit.
1604 2136 1664 2177 Et

142 2198 314 2252 Synoda
344 2204 388 2237 et
426 2194 628 2249 Capitula
662 2195 837 2235 absente.
876 2194 1089 2249 Episcopo
1122 2194 1312 2244 tenebit3
1345 2205 1388 2237 et
1409 2196 1662 2239 collateralis

145 2255 346 2310 Episcopi
367 2254 560 2294 dexterae
590 2253 632 2292 in
665 2251 858 2294 omnibus
880 2252 972 2302 erit,
996 2262 1037 2293 et
1060 2252 1188 2307 ipsius
1215 2252 1422 2294 Ecclesiae
1445 2255 1670 2297 Archidia-

142 2315 259 2356 conis
280 2311 451 2367 praeerit
472 2319 514 2351 et
529 2309 789 2365 praesidebit,
813 2319 853 2350 et
875 2310 1059 2364 primum
1081 2311 1222 2351 locum
1246 2320 1288 2352 et
1308 2326 1456 2353 vocem
1478 2312 1520 2352 in
1548 2312 1669 2368 Epis-

145 2370 241 2426 copi
272 2369 483 2412 eleccione
517 2377 560 2408 et
596 2370 746 2409 ceteris
783 2368 979 2408 omnibus
1012 2368 1143 2409 libere
1170 2377 1212 2409 et
1242 2368 1386 2424 quiete
1418 2370 1665 2425 possidebit.

150 2429 272 2471 Prior
294 2442 394 2469 vero
416 2426 628 2467 communi
655 2426 849 2466 Fratrum
881 2425 1060 2466 concilio
1091 2426 1288 2481 eligatur,
1312 2435 1355 2468 et
1376 2427 1456 2469 nisi
1477 2429 1668 2472 raciona-

146 2487 221 2529 bili
243 2501 367 2527 causa
389 2483 603 2538 exigente,
626 2493 669 2524 et
696 2484 921 2524 Conventu
953 2483 1088 2538 ipsum
1113 2483 1273 2524 meritis
1294 2484 1377 2526 suis
1399 2487 1670 2542 exigentibus

148 2544 374 2593 refutante,
414 2541 583 2583 minime
625 2542 892 2595 deponetur;
924 2550 966 2582 et
1001 2550 1088 2582 tam
1120 2541 1294 2583 interius
1326 2558 1451 2599 quam
1485 2546 1672 2587 exterius

151 2602 285 2644 omnis
318 2616 444 2643 causa
479 2615 574 2641 cum
598 2598 725 2654 ipsius
758 2609 801 2640 et
833 2598 1008 2640 fratrum
1042 2599 1220 2641 consilio
1252 2601 1383 2644 libere
1404 2603 1669 2658 disponatur.

152 2662 210 2703 Et
241 2660 403 2701 nullum
435 2658 610 2700 omnino
642 2657 843 2699 auxilium
877 2658 930 2699 de
961 2657 1146 2699 ecclesiis
1178 2672 1325 2700 eorum
1358 2661 1423 2702 vel
1460 2663 1581 2703 terris
1618 2664 1671 2704 ab

153 2719 294 2776 aliquo
322 2717 628 2774 Episcoporum
653 2717 858 2771 exigatur.
925 2717 1037 2759 Haec
1061 2717 1200 2758 onmia
1220 2718 1421 2775 praesenti
1444 2730 1558 2762 carta
1575 2736 1677 2764 con-
