1807 2962
203 80 268 122 80
518 89 654 122 Hlsr.
682 88 921 121 DUNELM.
951 81 1258 119 SCRIPTORES
1285 83 1435 119 ‘rurs⁴

201 197 357 253 copalis
380 196 613 252 dignitatis,
639 197 680 238 in
707 197 902 238 Romana
923 194 1040 236 curia
1061 203 1338 250 compareret.
1404 195 1733 246 [Procuratores

199 270 302 297 vero
341 255 557 311 Episcopi,
593 257 665 312 qui
698 254 991 297 excusandum
1025 268 1123 294 eum
1157 253 1211 294 ad
1242 254 1403 294 curiam
1428 265 1643 304 venerant,
1668 255 1734 297 in·-

193 314 340 371 junxit
364 314 482 369 Papa
503 315 580 355 sub
602 328 729 368 poena
750 311 1222 361 excommunicationis,
1246 325 1371 366 quam
1394 320 1555 353 extunc
1576 322 1658 355 etc.
1685 323 1732 356 ut

200 372 313 413 infra
342 371 521 413 biduum
555 387 579 413 a
609 371 726 413 curia
750 369 1010 418 recederent,
1034 368 1126 410 haec
1155 383 1233 410 suo
1255 369 1429 410 domino
1451 370 1727 428 nunciaturi]

204 430 394 472 Vocatus
416 444 521 486 ergo
547 429 748 479 secundo,
766 427 1015 483 EpiscopuS,
1039 427 1094 468 ad
1111 426 1269 468 curiam
1289 427 1420 476 venit,
1445 428 1516 469 sed
1540 443 1636 470 cum
1659 430 1739 471 tali:

201 496 407 543 apparatu
443 502 492 529 ac
526 497 662 542 gestu,
698 496 746 528 ut
780 500 924 528 omnes
961 484 1218 527 mirarentur
1254 484 1343 539 ejus
1375 493 1418 526 et
1448 486 1649 527 familiam
1687 496 1736 529 et-

201 554 448 602 sumptuum
479 545 736 602 largitatem.
804 544 915 586 Cum
947 543 1079 584 semel
1111 543 1323 599 equitaret
1346 557 1488 584 versus
1511 544 1667 585 curiam
1689 545 1741 586 in*

203 604 375 646 civitate
401 603 608 654 Romana,
643 617 784 644 comes
806 601 977 657 quidam
1002 601 1055 642 de
1078 600 1269 656 partibus
1291 600 1384 650 illis,
1409 602 1659 643 transiturus
1677 618 1733 645 ex

202 663 381 704 adverso
412 671 455 703 et
485 676 559 716 per
590 660 789 702 familiam
813 660 918 714 ejus,
944 659 1102 700 diutius
1124 658 1356 700 admiratus
1377 658 1548 700 familiae
1569 662 1733 715 magni-

203 720 409 770 tudinem,
425 720 620 775 quaesivit
634 720 687 761 ab
704 734 788 760 uno
799 717 970 767 civium,
994 724 1023 743 ‘⁶
1038 717 1158 767 Quis,
1175 726 1238 758 est
1251 716 1342 767 iste,
1358 716 1430 772 qui
1446 717 1513 759 hic
1528 716 1741 764 transit?'’‘

203 778 261 820 Et
275 778 496 834 respondit
509 777 623 828 civis,
646 775 886 818 “Pecuniae
901 775 1135 819 inimicus.'’
1170 774 1352 816 Cuidam
1372 776 1589 817 Cardinali
1607 777 1734 819 affec-

204 839 312 879 tanti
343 851 472 877 unum
510 836 563 877 de
596 834 810 891 palefridis
834 833 931 884 suis,
965 849 1070 890 quos
1102 832 1406 888 pulcherrimos
1430 834 1593 885 habuit,
1618 835 1733 877 misit

204 895 325 944 duos,
349 903 396 935 ut
417 909 474 935 ex
495 893 574 934 illis
591 894 768 948 eligeret
790 907 918 948 quem
939 893 1125 947 placeret
1144 907 1154 940 3
1187 899 1231 932 et
1252 890 1501 942 Cardinalis,
1526 907 1733 948 equorum

201 952 516 1009 pulchritudine
546 952 725 1000 illectus,
751 963 976 1005 utrumque
996 949 1183 992 retinuit.
1246 949 1376 998 Quod
1399 964 1493 990 cum
1519 950 1735 1008 Episcopo

203 1011 497 1052 renunciatum
540 1019 661 1060 esset,
697 1009 821 1059 dixit,
859 1008 974 1050 “Sic
1012 1008 1132 1049 Deus
1170 1021 1236 1047 me
1271 1007 1419 1057 salvet,
1455 1022 1542 1049 non
1575 1009 1733 1051 defecit

203 1069 397 1125 accipere
431 1067 688 1111 meliorem.''
754 1067 909 1107 Tantae
937 1065 1295 1123 magnanimitatis
1326 1074 1430 1115 erat,
1470 1067 1584 1122 quod
1619 1068 1734 1109 vide-

203 1128 329 1169 batur
352 1126 430 1168 sibi
452 1126 568 1182 quod
590 1127 677 1167 sine
699 1124 1029 1179 reprehensione
1044 1124 1184 1165 facere
1202 1132 1345 1178 posset
1363 1123 1562 1180 quicquid
1581 1126 1731 1176 vellet;

202 1194 378 1242 propter
407 1184 675 1240 praesentiam
712 1182 1003 1224 Cardinalium
1034 1196 1121 1222 non
1144 1180 1343 1222 omittens
1363 1182 1629 1234 benedicere,
1654 1200 1734 1225 nec

202 1253 379 1299 propter
411 1243 683 1298 praesentiam
719 1242 850 1295 Papae
884 1255 979 1281 cum
1015 1240 1162 1280 avibus
1194 1239 1356 1283 ludere.
1423 1240 1532 1282 Cum
1561 1244 1733 1283 veniens

204 1317 349 1343 versus
386 1300 545 1342 curiam
585 1301 647 1355 [in
682 1299 865 1356 quadam
899 1298 1090 1352 civitate]
1115 1297 1410 1352 hospitaretur,
1443 1308 1535 1340 orta
1567 1310 1629 1341 est
1651 1301 1734 1341 dis-

203 1360 344 1402 sentio
375 1359 487 1400 inter
517 1374 613 1399 suos
641 1367 683 1400 et
705 1357 797 1398 illos
820 1357 873 1398 de
895 1355 1079 1398 civitate.
1143 1355 1344 1406 Demum,
1367 1357 1611 1414 insurgente
1633 1374 1735 1400 con-

205 1428 273 1460 tra
303 1433 399 1460 eum
431 1426 524 1459 tota
554 1417 738 1466 civitate,
769 1425 811 1457 et
834 1414 916 1456 suis
937 1414 1165 1469 hospitium
1191 1414 1364 1455 ulterius
1396 1414 1624 1457 defendere
1646 1432 1739 1458 non-

204 1476 454 1526 valentibus,
488 1476 630 1516 fractis
663 1473 809 1515 hostiis
832 1488 1011 1514 camerae
1041 1472 1085 1514 in
1116 1487 1199 1528 qua
1219 1472 1451 1528 Episcopus
1474 1483 1577 1524 erat,
1602 1476 1734 1516 irrue-

204 1544 306 1576 runt
341 1549 467 1589 super
494 1548 589 1575 eum
629 1537 881 1588 [potestates
904 1533 967 1582 et]
992 1531 1169 1585 majores
1192 1529 1370 1572 civitatis
1392 1546 1486 1572 cum
1509 1533 1659 1586 gladiis
1690 1541 1734 1574 et

204 1594 399 1643 fustibus,
433 1601 634 1648 tanquam
667 1591 722 1632 ad
751 1591 978 1639 latronem,
1016 1588 1190 1630 “redde
1213 1597 1268 1638 te,
1293 1589 1465 1640 redde,”
1489 1591 1734 1632 clamantes.

211 1651 378 1700 Quibus
406 1651 495 1705 ipse
526 1664 611 1690 non
637 1663 872 1703 assurgens,
905 1662 983 1689 nec
1012 1648 1054 1688 in
1083 1647 1224 1702 aliquo
1246 1647 1441 1688 deferens
1463 1648 1584 1700 dixit,
1621 1657 1647 1675 “¹
1664 1649 1734 1692 Sic

205 1710 325 1752 Deus
347 1724 415 1750 me
437 1708 582 1757 salvet,
608 1706 820 1748 defecistis
838 1721 983 1747 verum
1007 1705 1149 1747 dicere
1171 1704 1237 1746 cui
1263 1708 1368 1759 [me]
1395 1707 1597 1757 reddam3
1631 1707 1735 1748 nulli

204 1769 433 1810 vestrum.''
498 1766 713 1808 Putabant
735 1780 881 1806 omnes
912 1764 973 1804 sui
996 1764 1160 1804 nullum
1184 1762 1243 1803 eis
1266 1764 1343 1804 nisi
1368 1765 1513 1805 mortis
1536 1765 1696 1806 exitum
1721 1781 1733 1814 3

206 1836 249 1867 et
271 1835 414 1867 tamen
437 1824 496 1865 ita
517 1823 719 1865 audacter
739 1822 959 1876 respondit
977 1822 1078 1876 ipse,
1103 1836 1150 1862 ac
1173 1820 1206 1860 si
1229 1821 1389 1862 nullum
1405 1822 1548 1864 fuisset
1569 1823 1736 1878 pericu-

205 1885 310 1925 lum.
373 1882 540 1924 Fuisset
562 1890 702 1922 tamen
725 1882 824 1936 [ibi]
848 1880 1021 1929 occisus,
1045 1879 1124 1920 nisi
1141 1879 1457 1933 superveniens,
1482 1883 1597 1934 [εἰσ]
1659 1882 1733 1934 [In

206 1942 359 1982 eodem
382 1940 546 1990 itinere,
570 1948 787 1993 quaerente
811 1937 995 1993 quodam
1019 1937 1073 1978 de
1095 1937 1178 1977 suis
1211 1937 1263 1978 de
1285 1937 1430 1991 precio
1463 1939 1582 1980 unius
1604 1938 1734 1995 panni

202 2000 313 2041 bene
328 1998 519 2054 preciosi,
537 1996 753 2052 respondit
767 2008 977 2037 nzercutor
991 2010 1033 2036 se
1048 1995 1235 2044 credere,
1253 1996 1368 2050 quod
1381 1996 1617 2053 Episcopus
1630 2012 1736 2053 pan·
1784 2012 1786 2016 ·

205 2072 307 2098 num
329 2056 435 2098 tanti
450 2055 580 2111 precii
594 2070 679 2095 non
695 2064 855 2095 emeret
873 2070 882 2094 :
906 2054 1019 2109 quod
1034 2068 1128 2094 cum
1143 2053 1353 2108 Episcopo
1368 2054 1618 2097 innotuisset
1633 2070 1734 2110 pan-

206 2130 310 2157 num
348 2114 462 2163 emit,
487 2122 542 2163 et,
565 2113 736 2154 vidente
767 2122 1018 2157 mercatore,
1052 2111 1183 2152 huces
1205 2127 1284 2166 pro
1318 2112 1401 2152 suis
1435 2113 1550 2169 equis
1582 2114 1636 2155 de
1658 2113 1733 2154 illo

206 2174 343 2223 fecit.]
409 2172 592 2226 Propter
625 2169 753 2226 igitur
784 2169 1178 2224 magnanimitatem
1208 2178 1249 2210 et
1281 2170 1523 2224 largitatem
1558 2172 1687 2226 [ejus]
1708 2187 1735 2213 a

211 2232 331 2286 Papa
352 2240 392 2271 et
410 2228 707 2271 Cardinalibus
722 2237 786 2269 est
808 2228 1056 2278 honoratus,
1076 2237 1130 2277 et,
1151 2227 1387 2284 [rejiciente
1402 2244 1566 2270 summo
1586 2229 1733 2270 Ponti-

208 2291 304 2339 fice,
344 2297 547 2344 tanquam
583 2286 934 2336 irracionabilem,
959 2286 1070 2326 illam
1109 2285 1413 2340 excepcionem
1450 2287 1607 2328 Prioris
1649 2302 1734 2343 qua

208 2347 319 2389 dixit
354 2346 613 2401 Episcopum
649 2360 733 2386 non
767 2345 922 2386 debere
958 2343 1125 2385 visitare
1160 2358 1280 2384 suum
1320 2344 1551 2400 capitulum
1589 2346 1668 2386 nisi
1689 2360 1734 2386 se

209 2406 299 2446 solo
336 2414 380 2446 et
419 2405 509 2445 sine
546 2404 715 2453 clerico,
751 2412 795 2444 et
836 2402 970 2454 edita]
1006 2402 1077 2443 illa
1109 2402 1409 2444 constitutione
1444 2403 1734 2445 Bonefaciana

209 2465 433 2512 Debentur,
482 2461 525 2503 in
566 2477 647 2518 qua
688 2461 920 2511 ordinatur,
964 2460 1079 2516 quod
1145 2460 1378 2515 Episcopus
1428 2476 1524 2502 cum
1566 2461 1732 2502 duobus

209 2521 384 2571 clericis,
418 2536 502 2562 uno
539 2519 718 2570 notario,
757 2531 801 2561 et
838 2534 921 2560 uno
958 2518 1154 2573 religioso
1191 2519 1381 2573 ejusdem
1418 2518 1577 2560 ordinis
1612 2533 1731 2559 suum

209 2579 364 2620 debeat
395 2578 564 2620 visitare
597 2578 843 2632 capitulum,
880 2592 974 2618 cum
1011 2577 1173 2618 honore
1208 2577 1447 2619 licentiatus
1485 2592 1508 2620 a
1542 2578 1659 2632 Papa
1691 2585 1732 2618 et

214 2637 508 2679 Cardinalibus
526 2636 566 2677 in
594 2636 788 2690 Angliam
814 2645 874 2677 est
899 2649 1103 2676 reversus.
