1807 2962
209 84 298 131 CllV
545 101 681 132 HIST.
709 100 945 132 DUNELM.
974 99 1279 131 SCRIPTORES
1305 100 1444 133 TRES.

328 378 508 408 CXXXVI.
562 379 730 407 LITERA
779 378 1133 406 TESTIMONIALIS
1179 379 1365 406 PRIORIS
1407 379 1600 408 WYNTON

542 438 689 465 SUPER
714 436 798 464 USU
822 436 1191 464 PONTIFICALIUM
1216 437 1397 467 1B1DEM.

411 529 526 569 [Cart.
542 531 617 562 III.
633 529 690 562 fol.
706 531 771 561 260
789 534 825 562 et
841 529 938 573 Orig.
957 533 987 562 1.
1009 532 1040 561 2.
1059 529 1406 573 Archiepiscopalium
1425 531 1466 563 L.
1489 532 1536 572 l.]

271 622 424 677 Hugo,
448 622 722 677 permissione
755 622 916 663 Divina
948 622 1073 663 Prior
1103 623 1291 664 ecclesiae
1312 623 1565 665 cathedralis
1592 624 1732 679 WVyn-

211 680 430 730 toniensis,
454 680 651 721 omnibus
683 688 725 721 et
755 679 928 733 singulis
959 680 1013 721 ad
1035 695 1140 736 quos
1164 691 1391 734 praesentes
1413 681 1563 722 litterae
1584 696 1734 736 perve-

210 737 351 778 nerint
391 737 572 778 salutem
613 745 657 778 et
688 737 933 778 memoriam
964 738 1023 778 rei
1054 747 1200 794 gestae.
1264 738 1446 779 Noverit
1478 739 1733 780 universitas

209 803 353 835 vestra
396 795 509 850 quod
557 809 634 835 nos
670 794 792 835 Prior
833 794 1084 844 antedictus,
1118 804 1312 850 tempore
1343 805 1504 846 nosti-0,
1537 805 1580 837 et
1612 806 1735 838 ante-

209 866 396 893 cessores
418 851 549 893 nostri
570 852 728 892 ibidem
754 851 936 902 Priores,
965 853 1223 906 temporibus
1252 853 1350 902 suis,
1374 853 1621 904 successive,
1645 864 1733 895 tam

210 909 266 949 de
287 908 511 963 privilegio
535 925 560 950 a
583 910 695 950 Sede
716 909 950 964 apostolica
963 910 1084 950 nobis
1102 910 1392 963 multipliciter
1407 911 1587 960 indulto,
1606 926 1734 966 quam

209 965 342 1007 eciam
365 967 418 1007 de
439 982 517 1007 usu
539 976 582 1012 et
602 982 720 1008 more
742 966 995 1008 continuatis
1012 966 1187 1020 pacifice
1204 977 1247 1007 et
1260 967 1447 1023 legitime
1461 968 1731 1023 praescriptis,

208 1023 343 1064 mitris
365 1023 496 1064 eciam
519 1024 795 1074 aurifrisiatis‚
818 1039 966 1065 aureas
984 1034 1027 1064 et
1042 1033 1262 1077 argenteas
1283 1025 1458 1065 laminas
1481 1034 1523 1066 et
1543 1041 1732 1082 gemmas

208 1081 420 1135 preciosas
443 1081 709 1130 habentibus,
733 1082 885 1122 baculo
907 1081 1121 1135 pastorali,
1144 1081 1363 1123 cirothecis
1386 1083 1671 1133 aurifirisiatis,
1688 1093 1732 1124 et

207 1138 337 1178 anulo
370 1137 412 1178 in
447 1138 595 1191 digito,
631 1138 772 1179 tunica
807 1139 1049 1187 dalmatica,
1087 1139 1299 1188 sandaliis,
1340 1149 1384 1180 et
1420 1140 1509 1181 aliis
1542 1141 1733 1195 insigniis

209 1194 524 1249 pontificalibus
560 1195 602 1234 in
638 1195 871 1249 praesencia
901 1196 1164 1249 superiorum
1191 1206 1446 1247 nostrorum,
1472 1198 1605 1239 eciam
1628 1199 1731 1240 dum

210 1253 354 1293 divina
374 1252 605 1302 celebrant,
630 1261 674 1294 et
695 1252 830 1293 eciam
861 1252 904 1292 in
937 1253 1316 1294 convocacionibus
1337 1255 1439 1296 cleri
1460 1257 1731 1310 quibuscum-

209 1325 304 1365 que,
324 1309 396 1349 ubi
417 1324 493 1349 nos
507 1310 787 1364 personaliter
804 1310 1002 1351 interesse
1024 1311 1265 1367 contigerit,
1284 1311 1490 1353 hactenus
1510 1314 1569 1353 usi
1588 1329 1731 1355 sumus

207 1367 469 1417 inconcusse,
503 1367 680 1421 pacifice
712 1376 756 1408 et
788 1367 943 1423 quiete,
967 1376 1011 1408 et
1042 1367 1200 1408 utimur
1230 1369 1362 1410 indies
1385 1370 1473 1411 sine
1495 1371 1733 1412 contradic-

208 1425 330 1465 cione
359 1425 673 1480 cujuscumque.
751 1425 861 1472 Quae
890 1427 1032 1466 onmia
1068 1434 1110 1466 et
1143 1425 1308 1480 singula
1340 1427 1395 1468 ad
1427 1443 1595 1469 omnem
1621 1430 1732 1483 juris

210 1482 422 1531 effectum,
461 1482 532 1537 qui
564 1497 620 1522 ex
658 1483 882 1537 praemissis
919 1482 1037 1538 sequi
1075 1483 1232 1537 poterit
1269 1484 1335 1525 vel
1368 1485 1543 1526 debebit
1583 1486 1731 1541 quovis

209 1539 354 1589 modo,
394 1539 656 1580 universitati
689 1549 841 1581 vestrae
878 1541 1140 1591 deducimus,
1177 1550 1220 1582 et
1254 1557 1304 1582 ea
1339 1553 1439 1584 nota
1459 1543 1634 1584 facimus
1656 1558 1732 1598 per

209 1605 455 1651 praesentes,
501 1597 550 1638 In
573 1597 690 1651 cujus
704 1598 764 1638 rei
778 1597 1064 1639 testiinonium
1081 1599 1221 1639 literas
1245 1608 1405 1641 nostras
1427 1600 1564 1656 sigillo
1588 1611 1732 1641 nostro

211 1653 395 1709 signatas
433 1654 524 1695 fieri
556 1654 734 1708 fecimus
769 1664 977 1710 patentes.
1043 1656 1224 1712 Scriptae
1252 1656 1490 1708 Wintoniae,
1515 1672 1629 1698 xvlu
1662 1659 1731 1700 die

210 1712 363 1752 mensis
387 1712 515 1764 Junii,
544 1727 656 1754 anno
680 1712 856 1754 Domini
887 1713 1111 1755 millesimo
1143 1713 1428 1756 tricentesimo
1470 1717 1732 1770 octogesimo

208 1769 411 1813 secundO.

327 2009 529 2037 CXXXVII.
580 2011 890 2038 PRIVILEGIUM
932 2011 1116 2038 PRIORIS
1159 2009 1387 2038 ECCLESIAE
1439 2010 1615 2039 DUNEL-

327 2066 491 2093 MENSIS
526 2068 601 2094 UTI
635 2068 782 2095 MITRA
824 2068 1006 2095 BACULO
1050 2067 1299 2095 PASTORALI
1337 2068 1525 2096 ANNULO
1559 2069 1613 2095 AC

327 2123 562 2152 SANDALIIS
586 2125 641 2152 ET
663 2126 780 2152 ALIIS
803 2125 1202 2153 PONTIFICALIBUS·

807 2201 910 2246 [Reg.
927 2203 979 2234 ΙΙ.
994 2202 1018 2234 f.
1032 2204 1126 2244 222]

271 2277 493 2319 Universis
533 2288 690 2321 sanctae
731 2280 873 2321 matris
915 2280 1103 2321 ecclesiae
1139 2281 1234 2321 filiis
1276 2282 1330 2323 ad
1361 2297 1466 2338 quos
1503 2291 1731 2337 praesentes

207 2334 342 2375 literae
374 2337 657 2391 pervenerint,
694 2337 956 2387 Alexander,
976 2338 1248 2393 permissione
1273 2340 1431 2381 Divina
1456 2340 1732 2381 Eboracensis

212 2393 583 2448 A1·chiepiscopuS‚
626 2396 795 2452 Angliae
825 2397 994 2450 primas,
1032 2411 1080 2437 ac
1115 2398 1236 2438 Sedis
1271 2398 1530 2452 Apostolicae
1552 2398 1729 2451 legatus,

209 2451 388 2491 salutem
429 2451 471 2491 in
513 2452 700 2493 omnium
737 2453 971 2494 Salvatore.
1054 2454 1124 2494 Ad
1160 2465 1347 2495 nostram
1382 2470 1518 2509 nuper
1557 2455 1731 2496 devenit

208 2508 408 2549 noticiam
444 2510 559 2564 quod
599 2511 817 2564 religiosus
851 2510 926 2560 vir,
968 2511 1098 2552 frater
1135 2513 1350 2553 Robertus
1387 2514 1441 2554 de
1488 2513 1728 2562 Walworth,

213 2563 336 2605 Prior
367 2566 556 2607 ecclesiae
593 2568 858 2609 Cathedralis
894 2568 1207 2620 Dunelmensis,
1241 2585 1337 2610 cum
1370 2570 1494 2611 mitra
1515 2580 1556 2610 et
1578 2571 1731 2611 baculo

209 2623 423 2674 pastorali,
466 2625 607 2672 anulo,
651 2640 699 2666 ac
731 2625 941 2675 sandaliis,
986 2635 1029 2667 et
1075 2627 1165 2668 aliis
1203 2627 1389 2681 insigniis
1422 2627 1746 2682 pontificalibus

208 2680 394 2730 indutus,
439 2681 581 2722 missas
617 2691 661 2722 et
696 2683 779 2723 alia
814 2684 956 2724 divina
992 2684 1129 2725 officia
1165 2686 1274 2726 infra
1311 2695 1493 2726 nostram
1530 2685 1731 2726 diocesim

207 2736 513 2779 Eboracensem
536 2754 582 2780 ac
607 2749 789 2781 nostram
814 2741 1169 2796 jurisdiccionem‚
1195 2745 1351 2798 absque
1374 2743 1624 2783 anctoritate
1648 2742 1732 2783 sus-
