1807 2962
198 132 293 177 IQS
517 141 653 173 I-HsT.
683 136 919 170 DUNELM.
944 130 1248 169 scmPTOREs
1269 108 1408 168 Turis„

192 248 296 292 alios
326 248 483 291 amicos
515 260 613 289 suos
644 246 686 287 in
723 244 869 294 Curia,
901 257 980 298 pro
1005 241 1214 298 praedicto
1235 243 1479 297 episcopatu
1503 241 1723 291 habendo,

190 307 415 364 respondit
435 321 480 348 se
510 319 590 347 nec
619 318 699 359 pro
729 302 804 343 illo
835 301 1083 356 episcopatu
1115 314 1193 341 nec
1214 315 1291 356 pro
1312 300 1453 356 aliquo
1474 299 1557 340 alio
1579 299 1720 340 literas

191 366 429 408 missurum.
508 361 740 406 Dominica
782 368 881 401 ante
923 358 1093 408 Natale,
1135 371 1240 399 XLVI
1281 359 1419 399 aetatis
1460 372 1548 398 suae
1589 372 1725 406 anno,-

193 433 465 466 consecratus
495 429 562 463 est
591 418 812 475 episcopus
844 415 1145 458 Dunelmensis
1177 416 1231 457 ab
1257 415 1585 471 Archiepiscopo
1608 416 1724 457 Cam

192 480 409 531 tuariensi,
432 478 628 522 Johanne
662 474 888 524 Sti-etford,
912 475 956 514 in
983 473 1198 515 Abbathia
1222 472 1456 528 Nigrorum
1481 472 1723 515 Monacho-

192 554 287 581 rum
308 539 363 581 d'e
387 536 620 591 Cherdsay.
685 533 734 575 In
756 547 840 588 qua
856 533 1177 573 consecratione
1203 530 1440 586 Episcopus
1463 530 1718 580 Lincolniae,

196 596 410 639 Henricus
449 590 693 642 Burwesch,
736 589 943 631 fundebat
979 603 1124 630 omnes
1157 600 1383 644 expensas,
1410 588 1529 643 jussu
1559 588 1724 630 domini

195 654 340 709 Regis.
374 654 480 695 Post
493 652 586 692 haec
601 650 735 692 factus
749 657 813 689 est
827 646 1138 688 Thesaurarius
1154 646 1324 701 Angliae
1339 662 1351 696 3
1368 655 1411 688 et
1427 645 1578 688 eodem
1595 660 1727 695 anno,

188 712 360 770 [quinto
391 710 459 752 die
489 708 622 758 Junii,
644 721 722 763 per
757 705 1011 746 Willelmum
1041 705 1220 746 Cowton
1246 704 1437 746 Priorem
1460 704 1724 745 Dunelmen-

191 775 303 823 sem]
317 776 381 811 est
395 766 644 808 installatus
691 764 739 805 In
755 778 838 820 qua
854 762 1140 804 installatione
1160 761 1257 804 fecit
1274 762 1437 819 grande
1451 762 1690 803 convivium
1710 778 1728 810 3,

189 829 264 870 ubi
294 825 577 868 interfuerunt
600 823 697 864 Rex
732 830 777 863 et
815 821 982 875 Regina
1014 818 1198 875 Angliae,
1222 830 1357 861 mater
1382 819 1513 874 Regis
1537 820 1725 877 Angliaes

194 886 294 928 Rex
333 882 502 933 Scotiae,
538 879 625 922 duo
665 878 983 933 Archiepiscopi
1018 887 1063 919 et
1093 877 1278 934 quinque
1315 877 1530 933 Episcopi,
1560 887 1725 932 septem*

190 943 365 987 comites
397 955 496 982 cum
521 937 725 980 uxoribus
747 936 844 986 suis,
868 945 911 977 et
939 948 1087 977 omnes
1122 944 1338 990 magnates
1369 937 1475 977 citra
1496 936 1719 987 Trentam,

189 1001 316 1044 multi
347 998 501 1041 milites
537 1004 580 1038 et
612 995 826 1049 armigeri,
859 993 1000 1048 plures
1030 992 1157 1034 etiam
1195 993 1382 1034 Abbates
1414 1002 1456 1035 et
1479 993 1648 1036 Priores
1677 1004 1720 1036 et

187 1059 265 1102 viri
285 1055 487 1115 religiosi,
510 1069 607 1096 cum
627 1053 849 1094 innumera
869 1050 1145 1092 multitudine
1167 1050 1498 1092 communitatis.
1554 1051 1725 1093 Eodem*

189 1131 305 1160 anno
325 1113 541 1157 institutus
563 1120 628 1154 est
652 1109 939 1153 Cancellarius
963 1108 1146 1162 Angliae.
1211 1109 1268 1150 Et
1288 1108 1396 1149 infra
1417 1109 1646 1150 triennium
1665 1126 1720 1153 ex

188 1181 290 1232 post
310 1185 376 1215 ter
396 1171 503 1213 adiit
528 1170 692 1226 Regem
717 1166 909 1209 Franeiae
929 1166 1110 1208 parisias
1133 1167 1176 1206 in
1199 1166 1353 1207 nuncio
1379 1166 1511 1220 Regis
1537 1167 1720 1221 Angliae,

188 1234 247 1276 ad
275 1228 587 1273 vendicandum
618 1240 801 1282 regnum
824 1224 1032 1268 Franciae.
1098 1221 1253 1265 Postea
1274 1224 1380 1266 adiit
1406 1224 1725 1281 Handewarpe,

191 1299 235 1333 et
255 1289 339 1331 alia
358 1287 450 1329 vice
467 1285 522 1327 ad
545 1284 716 1326 Braban
734 1299 746 1332 3
777 1291 820 1324 et
851 1282 909 1324 ita
929 1282 1130 1337 fatigatus
1152 1281 1231 1323 fuit
1251 1296 1328 1336 per
1348 1282 1513 1323 diversa
1533 1282 1625 1324 loca
1646 1299 1725 1339 pro

186 1346 395 1404 praedicta
421 1342 637 1400 legatione
672 1355 827 1382 novem
858 1339 991 1384 annis.
1056 1339 1114 1381 Et
1144 1339 1286 1380 medio
1328 1348 1518 1395 tempore
1549 1341 1721 1383 fuerunt

186 1419 335 1448 omnes
368 1402 587 1444 libertates
610 1398 912 1441 Dunel-mensis
953 1396 1143 1453 ecclesiae
1175 1407 1437 1439 conservatae
1468 1397 1557 1440 sine
1578 1399 1724 1456 aliquo·

187 1462 460 1506 detrimento.
525 1458 632 1500 Post
646 1457 741 1498 haec
764 1455 965 1509 Angliam
986 1454 1125 1497 rediit.

247 1520 443 1562 Multum
473 1514 632 1568 [enim]
663 1513 954 1556 delectabatur
985 1512 1039 1554 de
1076 1511 1317 1567 [comitiva]
1350 1512 1629 1563 clericorum3‘
1675 1523 1720 1556 et

188 1579 333 1635 plures
364 1588 533 1629 semper
562 1572 737 1614 clericos
767 1570 917 1612 habuit
948 1570 990 1611 in
1023 1585 1099 1612 sua
1128 1570 1301 1614 familia.
1366 1570 1436 1613 De
1468 1572 1620 1627 quibus
1642 1572 1721 1614 fuit

190 1637 380 1679 Thomas
405 1630 712 1686 Bradwardyn,
744 1637 894 1684 postea
926 1628 1242 1670 Cantuariensis
1273 1627 1642 1685 Archiepiscopus,
1677 1637 1721 1672 et

192 1692 403 1736 Ricardus
435 1690 547 1747 Fyffi
585 1687 714 1736 Rauf,
738 1686 1013 1742 postmodum
1042 1685 1399 1742 Archiepiscopus
1423 1687 1717 1737 Armachanae,

195 1752 406 1793 Walterus
425 1749 602 1803 Burley,
624 1745 840 1788 ,Iohannes
857 1743 1045 1794 Maudit,
1067 1744 1284 1785 Robertus
1310 1744 1485 1795 Holcot,
1513 1744 1718 1786 Ricardus

188 1810 244 1852 de
271 1808 578 1865 Kylwyngton,
616 1818 763 1845 omnes
791 1802 987 1844 doctores
1019 1801 1062 1842 in
1094 1801 1310 1856 theologia
1327 1817 1345 1851 3·
1374 1802 1581 1844 Ricardus
1605 1803 1718 1844 Ben-

186 1866 338 1916 worth,
371 1872 522 1919 postea
556 1862 792 1916 Episcopus
829 1858 1140 1901 Londoniensis
1176 1867 1221 1900 et
1266 1859 1473 1900 Walterus
1510 1860 1720 1914 Segraffe,

186 1931 340 1981 postea
360 1922 598 1976 Episcopus
624 1917 910 1960 Cicestrensis.
972 1917 1030 1958 Et
1047 1916 1238 1972 quolibet
1258 1917 1327 1958 die
1346 1917 1388 1957 in
1407 1931 1552 1959 mensa
1572 1918 1718 1959 solitus

185 1988 279 2023 erat
298 1979 457 2021 habere
478 1976 723 2025 lectionem,
745 1974 824 2015 nisi
843 1974 951 2015 forte
971 1988 1050 2029 per
1070 1974 1302 2015 adventum
1320 1985 1568 2031 magnatum
1585 1975 1718 2031 impe-

184 2039 377 2086 diretur3
408 2043 451 2077 et
471 2042 567 2090 post
600 2032 826 2088 prandium
863 2031 1036 2088 singulis
1067 2031 1218 2073 diebus
1251 2032 1584 2088 disputationem
1620 2048 1720 2075 cum:

186 2095 348 2139 clericis
369 2091 700 2149 praenominatiS,
724 2098 767 2131 et
788 2090 879 2131 aliis
899 2104 987 2130 suae
1008 2089 1174 2145 domuS,
1206 2090 1286 2131 nisi
1316 2090 1453 2146 major
1483 2105 1610 2132 causa
1639 2093 1718 2132 im·-

187 2153 370 2210 pediret.
433 2150 504 2200 Et,
537 2148 629 2190 aliis
659 2147 834 2197 vicibus,
866 2154 941 2188 aut
971 2147 1150 2188 servitio
1174 2147 1323 2189 divino
1355 2156 1429 2189 aut
1457 2147 1573 2190 libris
1595 2164 1716 2190 vaca-

187 2214 291 2254 bat:
322 2208 402 2250 nisi
422 2208 534 2249 foret
554 2220 611 2248 ex
647 2205 782 2247 causis
813 2204 955 2246 arduis
986 2204 1227 2259 impeditus.
1290 2205 1427 2247 Omni·
1443 2206 1569 2247 etiam
1591 2207 1719 2261 septi-

188 2283 318 2311 mana
338 2265 554 2309 distribuit
575 2265 618 2304 in
638 2263 755 2304 cibos
775 2277 1009 2317 pauperum
1030 2270 1129 2303 octo
1151 2263 1364 2318 quartaria
1378 2263 1578 2305 frumenti
1595 2265 1716 2318 pista,

188 2334 350 2383 praete‘r
366 2324 607 2380 fragmenta-
620 2321 746 2362 solita
761 2320 916 2362 domus
933 2334 1035 2364 suae.
1085 2319 1154 2370 Et,
1172 2319 1206 2360 si
1219 2321 1362 2375 plures
1379 2322 1716 2376 supervenirent,

189 2391 286 2440 post
307 2379 648 2424 distributionem
680 2379 807 2419 dictae
830 2378 1110 2426 eleemosinae,
1133 2379 1315 2419 contulit
1336 2378 1505 2436 singulo
1527 2380 1713 2422 obolum.

190 2443 356 2484 Praeter
386 2440 493 2488 haec,
531 2437 704 2478 veniens
739 2444 813 2477 aut
835 2435 1002 2477 rediens
1023 2450 1049 2476 a
1071 2435 1198 2477 Novo
1222 2436 1375 2477 Castro
1397 2452 1529 2492 usque
1550 2437 1717 2478 Dunel-

190 2514 321 2549 mum,
364 2495 592 2552 aliquando
644 2493 872 2535 duodecim
920 2507 1080 2534 marcas
1121 2494 1303 2535 contulit
1343 2494 1385 2534 in
1426 2494 1714 2550 eleemosynis,

188 2557 314 2599 etiam
345 2570 372 2597 a
407 2553 625 2595 Dunelmo
662 2566 794 2607 usque
832 2551 1016 2592 Stokton
1049 2551 1306 2606 quandoque
1339 2565 1420 2592 v111
1455 2566 1630 2601 marcas,
1673 2561 1717 2593 et

188 2630 214 2656 a
244 2612 461 2656 Dunelmo
492 2626 626 2666 usque
656 2609 859 2651 Aukland
891 2624 927 2650 v.
959 2623 1133 2657 marcas,
1157 2624 1182 2650 a
1205 2609 1421 2650 Dunelmo
1442 2624 1574 2665 usque
1600 2609 1714 2650 Mid-

187 2672 342 2714 dellam
370 2684 394 2712 c
426 2668 599 2712 solidos.
665 2667 768 2708 Post
797 2667 887 2721 ejus
918 2667 1080 2708 obitum
1115 2666 1282 2708 inventa
1315 2666 1391 2707 suit
1430 2682 1513 2707 uua
1541 2667 1594 2707 de
1631 2667 1715 2707 suis

191 2728 378 2784 capsellis
411 2727 535 2782 plen-a
567 2725 926 2774 lintheaminibus,
962 2726 1142 2766 camisiis
1180 2734 1219 2766 ct
1258 2724 1415 2765 braccis
1439 2724 1638 2772 cilicini&
1672 2725 1712 2763 in

189 2802 270 2841 qua
293 2786 519 2840 putabatur
542 2784 784 2824 thesaurum
809 2782 995 2823 inveniri.
