1807 2962
206 69 449 119 ccclxxviii
537 83 672 116 HIST.
702 81 939 114 DUNELM.
969 80 1274 113 SCRIPTORES
1302 81 1441 114 Tuus.

203 193 406 236 crecionis
429 191 604 235 arbitrio
625 190 861 241 limitando,
877 203 1044 231 causam
1068 187 1383 238 racionabilem,
1404 186 1435 228 si
1458 202 1581 243 quam
1605 188 1733 229 habe-

203 261 294 303 ant,
358 251 525 301 dicturi,
584 265 713 307 quare
764 263 843 304 pro
903 246 1277 288 excommunicatis
1319 245 1524 287 declarari
1565 246 1734 287 minime

204 311 422 359 debeant3
455 309 715 364 ulteriusque
735 305 887 348 facturi
909 313 953 346 et
983 304 1193 360 recepturi
1216 304 1332 360 quod
1363 303 1406 344 in
1437 318 1489 344 ea
1519 314 1639 358 parte
1671 313 1734 345 est

201 370 380 424 justum,
414 376 456 409 et
487 380 721 409 consonum
752 362 944 420 equitati.
1008 363 1066 404 Et
1097 363 1280 419 qualiter
1311 373 1540 417 praesentes
1573 361 1734 403 fueritis

203 427 375 469 executi
413 440 491 467 nos
538 424 682 466 debite
725 421 982 469 certificetis,
1020 429 1063 462 et
1093 420 1300 462 certificet
1331 419 1400 460 ille
1433 419 1628 469 vesti-sim,
1662 419 1735 476 qui

202 492 389 541 praesens
410 483 658 525 mandatum
679 480 808 523 fuerit
830 488 1050 523 executus,
1115 479 1167 521 In
1200 478 1318 533 cujus
1349 477 1410 519 rei
1444 478 1734 519 testimonium

203 543 389 600 sigillum
410 542 466 583 ad
491 542 648 584 Causas
669 538 948 595 praesentibus
979 537 1138 593 apponi
1170 536 1357 578 fecimus,
1437 536 1556 577 Data
1582 536 1624 576 in
1647 551 1736 577 ma-

204 601 325 642 nerio
347 600 434 641 sive
456 599 631 641 castello
652 607 799 639 nostro
831 597 884 639 de
912 596 1138 638 Aukeland
1162 594 1375 650 Episcopi,
1399 608 1505 635 xlm
1528 594 1596 635 die
1619 608 1738 634 men-

202 659 257 701 sis
281 658 495 709 Octobris,
519 673 633 699 anno
652 655 828 698 Domini
851 654 1072 696 millesimo
1090 653 1507 710 quadringentesimo
1529 651 1737 709 octogesi=

205 732 276 759 mo
298 732 426 761 nono.
493 716 550 758 Et
581 724 738 757 nostrae
759 712 1093 756 consecracionis
1117 724 1255 754 sext0.

325 992 491 1021 CCXCII.
527 990 696 1018 LITERA
727 989 1082 1017 TESTIMONIALIS
1114 988 1237 1020 QUOD
1273 989 1456 1021 QUIDAM
1492 990 1618 1017 LITE-

324 1051 406 1079 RAS
439 1048 629 1078 ORDINIS
660 1048 733 1075 SUl
766 1047 943 1076 DIMISIT
985 1047 1224 1074 NOBISCUM
1259 1048 1618 1076 CUSTODIENDAS.

705 1143 809 1188 [Reg.
827 1144 928 1176 Parv.
946 1144 1014 1176 lV.
1033 1142 1091 1176 fol.
1112 1146 1165 1175 22.
1183 1144 1235 1188 b.]

268 1240 491 1285 Universis
511 1238 670 1281 Christi
691 1237 902 1289 fidelibus,
925 1238 1006 1278 hoc
1029 1237 1232 1292 scriptum
1255 1237 1404 1280 visuris
1427 1239 1494 1280 vel
1516 1238 1734 1291 audiun-1³,

204 1300 440 1350 Johannes,
463 1297 738 1353 permissione
759 1296 913 1347 divina,
937 1303 1022 1346 etc„
1059 1296 1238 1337 salutem
1271 1296 1312 1337 in
1336 1312 1386 1337 eo
1418 1297 1489 1353 qui
1512 1306 1575 1338 est
1602 1298 1738 1339 omni-

203 1374 276 1400 um
298 1373 400 1400 vera
429 1358 553 1400 salus.
623 1355 737 1403 Quia
757 1354 872 1410 pium
894 1365 936 1396 et
958 1355 1220 1396 caritativum
1244 1355 1334 1396 fore
1357 1354 1605 1405 dinoscitur,
1632 1358 1739 1397 veri-

205 1417 283 1459 tati
325 1415 615 1458 testimonium
658 1414 897 1469 perhibere,
933 1413 974 1453 in
1015 1429 1067 1454 eo
1107 1414 1224 1470 quod
1270 1413 1467 1454 humanae
1498 1414 1736 1469 fragilitatis

203 1474 397 1518 condicio
443 1473 504 1515 nil
549 1484 714 1515 certum
757 1473 870 1527 apud
916 1487 960 1513 se
991 1471 1033 1512 in
1065 1471 1274 1526 ambiguis
1306 1472 1382 1513 nisi
1415 1473 1530 1528 quod
1564 1488 1663 1514 vero
1695 1484 1738 1515 et

203 1533 440 1576 certissimo
470 1530 811 1587 comprobaverit
841 1529 1117 1579 testimoni03
1160 1531 1275 1571 unde
1308 1530 1477 1572 testium
1508 1539 1551 1572 et
1584 1532 1739 1573 instru-

203 1604 447 1634 mentorum
480 1605 577 1631 usus
611 1589 840 1640 inducitur,
874 1597 920 1629 ut
952 1589 1012 1630 rei
1044 1588 1197 1630 veritas
1229 1588 1439 1630 elucescat
1471 1598 1514 1630 et
1546 1590 1738 1631 increde-

204 1651 333 1692 litatis
366 1648 587 1690 infirmitas
619 1657 856 1691 evanescat.
923 1647 1040 1688 Hinc
1073 1656 1148 1698 est,
1180 1647 1311 1703 quod,
1346 1648 1551 1689 accedens
1575 1648 1628 1690 ad
1659 1664 1737 1689 nos

203 1709 376 1766 quidam
413 1708 611 1749 dominus
641 1706 858 1750 Johannes
897 1705 1116 1762 Moresby,
1155 1706 1256 1747 alias
1293 1706 1489 1747 dominus
1522 1706 1737 1748 J‹›hann<›s

207 1767 378 1817 Clerke,
402 1765 599 1807 sacerdos
621 1774 662 1807 et
687 1765 799 1806 lator
828 1767 1122 1820 praesencium,
1156 1764 1229 1820 qui
1261 1764 1339 1806 suit
1371 1774 1414 1806 et
1446 1776 1510 1806 cst
1540 1765 1594 1806 ad
1626 1766 1738 1806 ordi-

205 1841 304 1867 nem
345 1824 652 1866 sacerdotalem
694 1835 737 1864 et
781 1823 835 1865 ad
874 1833 1052 1865 caeteros
1082 1823 1252 1864 ordines
1284 1838 1423 1865 sacros
1455 1838 1531 1878 per
1562 1839 1738 1865 venera-

205 1884 336 1925 bilem
368 1883 410 1923 in
455 1882 627 1924 Christo
667 1889 832 1937 patrem
875 1890 916 1922 et
967 1881 1186 1922 dominum
1227 1881 1445 1922 domiuum
1492 1882 1736 1923 Johannem

207 1941 543 1983 Dunelmensem
565 1941 811 1994 episcopum
842 1939 1031 1993 legitime
1062 1950 1296 1993 promotuS,
1329 1948 1456 1995 prout
1490 1955 1564 1994 per
1594 1941 1737 1981 literas

204 2015 299 2041 suas
331 1998 542 2040 ordinales
574 1998 680 2039 visas
712 2007 756 2039 et
786 1997 993 2052 perlectas
1025 1998 1243 2040 evidenter
1274 2008 1317 2039 et
1348 1998 1738 2054 experimentaliter

204 2057 474 2114 percepimus
506 2066 550 2098 et
580 2055 879 2105 intelleximus,
912 2070 1016 2111 quas
1047 2071 1150 2098 vero
1182 2065 1277 2111 post
1320 2057 1631 2112 inspeccionem
1672 2057 1736 2098 in-

205 2116 395 2158 venimus
426 2114 603 2165 habiles,
638 2129 771 2165 sanaS,
797 2114 1000 2170 integras,
1035 2130 1120 2157 non
1152 2130 1279 2165 rasaS,
1312 2129 1398 2156 non
1431 2115 1623 2163 abolitas,
1657 2130 1736 2156 nec

205 2175 248 2216 in
282 2174 424 2230 aliqua
454 2183 573 2228 parte
609 2187 753 2214 earum
792 2172 978 2223 viciataS,
1011 2174 1086 2215 sed
1128 2175 1244 2215 omni
1284 2188 1458 2228 prorsus
1499 2173 1736 2229 suspicione

205 2233 372 2274 sinistra
393 2240 597 2282 carenteS,
621 2239 708 2272 tam
731 2231 771 2271 in
794 2245 942 2273 eorum
957 2233 1175 2273 tenoribus
1192 2247 1319 2289 quam
1336 2232 1494 2287 sigillis.
1559 2234 1617 2275 Et
1638 2231 1738 2289 quia

205 2290 404 2341 intendit,
438 2298 486 2331 ut
527 2289 687 2340 asserit,
735 2289 789 2331 ad
820 2289 915 2331 loca
956 2299 1123 2332 remota
1153 2301 1195 2332 et
1225 2291 1444 2345 incognita
1474 2292 1661 2340 transire,
1695 2298 1738 2331 et

203 2349 418 2405 praecipue
435 2363 561 2390 causa
575 2347 778 2398 discendi,
795 2363 842 2390 ac
864 2349 995 2390 eciam
1022 2350 1257 2391 uberiorem
1281 2349 1596 2390 exhibicionem
1620 2349 1736 2390 inve-

205 2408 364 2457 niendi,
394 2407 583 2448 Domino
605 2407 872 2462 providente,
907 2417 951 2449 et
978 2408 1097 2449 timet
1121 2407 1306 2449 maxime
1328 2407 1571 2463 hujusmodi
1594 2408 1735 2448 literas

207 2466 271 2507 sui
303 2465 475 2515 ordinis,
513 2465 546 2505 si
593 2480 735 2507 secum
780 2465 1041 2516 differentur,
1084 2475 1258 2522 propter
1299 2466 1460 2507 viarum
1492 2466 1736 2507 discrimina

206 2524 363 2565 aliosve
385 2538 504 2565 casus
536 2523 747 2574 fortuitos,
782 2525 854 2580 qui
885 2539 940 2565 ex
972 2524 1184 2578 insperato
1215 2524 1368 2579 saepius
1400 2525 1611 2566 viantibus
1634 2524 1736 2565 inci-

206 2582 327 2632 dunt,
361 2591 402 2622 et
435 2581 474 2622 in
507 2597 649 2623 earum
684 2591 856 2623 vectura
888 2582 1175 2638 multipliciter
1197 2583 1308 2632 laedi,
1332 2583 1506 2632 destrui,
1539 2592 1612 2624 aut
1634 2597 1736 2623 con-

206 2640 325 2690 sumi,
364 2641 483 2681 nobis
520 2640 648 2697 igitur
666 2640 962 2682 instantissime
990 2640 1253 2696 supplicavit,
1277 2641 1429 2683 debitis
1460 2656 1553 2682 cum
1579 2642 1734 2682 instan-

207 2698 292 2747 ciis,
327 2707 534 2753 quatenus
568 2698 676 2753 ipsas
708 2698 948 2752 hujusmodi
982 2699 1122 2740 literas
1154 2699 1210 2740 sic
1235 2699 1339 2740 visus
1373 2710 1414 2741 et
1437 2699 1667 2741 intellectas
1690 2699 1732 2739 in

206 2757 455 2798 cancellaria
478 2767 619 2799 nostra
642 2757 749 2798 infra
783 2757 1084 2799 monasterium
1109 2767 1294 2800 nostruin
1321 2758 1609 2800 Dunelniense
1632 2757 1732 2798 situ-
