1807 2962
205 36 384 85 {⁸13erle
536 53 672 86 HIST.
702 52 940 85 DUNELM.
965 54 1269 93 SCRffTORES
1292 55 1432 88 TRES.

473 351 639 382 ccnvu.
677 352 846 380 LITERA
878 354 1009 381 MISSA
1042 354 1226 383 DOMINO
1259 356 1478 385 EPISCOI'O

822 411 1139 440 DUN-ELMENSI.

705 504 810 549 [Reg.
827 505 901 538 ΙΙΙ.
921 506 1021 538 Parv.
1038 505 1097 538 fol.
1117 508 1170 539 92.
1191 506 1239 549 bf]

269 595 550 638 Omni'mod'as
571 597 834 639 reverencias
857 607 899 639 et
919 597 1117 649 honores,
1143 614 1238 640 cum
1256 598 1508 641 obediencia
1529 598 1676 641 debita
1698 615 1742 641 ec.

209 653 379 696 devota.
444 656 693 697 Reverende
728 656 770 696 in
815 656 986 697 Cln1sto
1027 666 1150 712 patei
1183 665 1225 697 et
1262 657 1446 707 domine,
1490 657 1742 712 disponente

209 712 324 763 Deo,
345 714 548 768 assumpti
569 713 668 754 estis
691 713 731 754 i'n
756 722 968 768 pastolem
991 723 1032 756 et
1048 714 1304 769 Episcopum
1322 714 1482 756 animai
1486 729 1555 755 um
1576 724 1744 756 nostra-

208 784 316 811 rum.
384 770 526 821 Unde,
550 771 748 813 laetatus
739 787 780 812 m
802 773 951 827 spritu,
974 772 1135 826 gracias
1158 787 1239 826 ago
1261 773 1433 814 domino
1456 773 1555 814 Deo
1577 783 1741 823 nostro,

207 843 381 883 spelans
404 829 576 871 indubie
600 839 684 870 tam
707 830 865 871 clarum
888 831 1131 885 pontificem
1154 830 1440 871 firmissimum
1458 830 1743 884 forejusticiae

203 886 456 937 zelatorem,
490 887 679 929 ecclesiae
711 898 931 928 strenuum
972 896 1273 942 protectorem,
1316 889 1543 943 gregisque
1586 897 1742 929 vestrae

208 958 322 985 curae
364 945 573 986 commissi
614 945 981 1000 vigilantissimum
1031 955 1245 1000 pastorem
1286 947 1329 986 in
1370 945 1659 987 misericordia
1699 956 1743 989 et

208 1002 398 1046 caritate.
488 1003 778 1068 Quamobiem
820 1017 917 1043 cum
949 1003 1063 1044 omni
1094 1003 1343 1045 humilitatis
1374 1004 1661 1058 subjeccione,
1696 1013 1741 1046 et

206 1060 521 1125 plomptissimo
552 1061 693 1102 animo
720 1061 1028 1115 complacendi,
1050 1070 1202 1103 vestrae
1223 1061 1584 1103 reverendissimae
1606 1062 1745 1103 domi-

205 1117 398 1159 nacionis
430 1133 589 1173 pronus
607 1134 740 1160 exoio
757 1119 1048 1170 clemenciam,
1073 1128 1118 1160 ut
1136 1119 1350 1161 ministros
1372 1132 1525 1160 vestlae
1547 1120 1740 1161 ecclesiae

205 1190 254 1217 ac
297 1185 457 1217 vestios
499 1176 690 1218 assiduos
731 1185 875 1218 01at01
878 1193 936 1227 es,
970 1192 1042 1218 me
1070 1188 1114 1218 et
1146 1177 1377 1219 confratres
1409 1191 1542 1228 meos,
1585 1186 1741 1219 vestrae

203 1241 397 1288 patelnae
433 1234 588 1288 graciae
626 1235 782 1276 habele
819 1235 1053 1290 dignemini
1090 1235 1379 1277 favorabiliter
1411 1235 1738 1277 recommissos·
1725 1267 1739 1286 ‚

204 1307 329 1348 quam
354 1292 524 1348 quidem
546 1294 745 1350 graciam,
762 1301 805 1334 et
820 1293 852 1333 si
870 1294 1121 1349 quibusdam
1146 1293 1342 1335 videatur
1363 1309 1439 1335 nos
1461 1309 1547 1335 non
1571 1302 1740 1335 tantum

203 1350 408 1392 meruisse
426 1360 633 1416 quantum
647 1367 737 1393 mer
740 1351 799 1392 eri
817 1351 1039 1393 voluimus
1059 1362 1204 1407 parcat
1223 1352 1357 1403 nobis,
1378 1353 1566 1402 obsecro,
1585 1361 1739 1392 vestiae

202 1408 372 1463 pietatis
408 1425 571 1450 Sincera
610 1410 896 1465 prudencia,
887 1425 929 1450 m
964 1419 1107 1451 nostra
1133 1410 1330 1451 videlicet
1352 1411 1566 1451 eleccione
1587 1410 1739 1451 ultimo

204 1467 418 1509 celebrata
436 1483 446 1516 3
479 1468 749 1509 considerans
771 1483 898 1523 quam
915 1467 1128 1524 frequenti
1151 1468 1315 1510 seducti
1338 1468 1504 1510 fallacia
1525 1483 1738 1525 quamque

204 1525 383 1566 terribili
404 1525 611 1567 minarum
630 1526 857 1581 asperitate
874 1526 1099 1582 multipiici
1114 1527 1167 1567 ab
1185 1535 1335 1582 optato
1357 1527 1477 1568 nobis
1498 1526 1737 1582 proposito,

203 1583 321 1639 quasi
344 1584 530 1640 quodam
551 1583 737 1625 violento
770 1585 1027 1640 praecipicio,
1060 1584 1216 1640 dejecti
1248 1584 1403 1626 fuimus
1435 1593 1477 1625 et
1513 1586 1738 1639 suppressi.

205 1641 339 1683 Novit
375 1641 533 1683 etenim
571 1642 691 1683 Deus
728 1657 853 1698 quam
895 1643 1132 1699 gaudenter
1152 1643 1414 1699 suscepimus
1433 1642 1739 1697 praecelebrem

204 1700 258 1741 de
282 1708 421 1741 vestra
433 1715 617 1756 persona
639 1700 808 1750 famam,
829 1710 1084 1743 asserentem
1103 1710 1232 1742 tantae
1254 1700 1476 1756 probitatis
1500 1700 1636 1740 virum
1657 1715 1736 1741 nos

201 1757 421 1799 habituros
452 1758 700 1800 antistitem.
765 1758 846 1800 Cui
877 1758 938 1800 rei
970 1759 1208 1814 plenissime
1240 1759 1557 1814 applaudentes,
1582 1773 1740 1813 speque

202 1815 423 1866 laetificati,
443 1816 485 1857 in
507 1831 613 1872 pace
635 1825 783 1871 optata
803 1818 1017 1872 quiescere
1038 1816 1312 1866 videbamur3
1334 1817 1422 1867 sed,
1438 1817 1576 1857 subita
1596 1816 1740 1857 statim

203 1883 246 1915 et
277 1873 488 1928 insperata
520 1883 616 1915 orta
655 1883 922 1928 tempestate,
961 1874 1166 1929 coepimus
1205 1875 1425 1924 fluctuare,
1469 1881 1616 1928 optata
1655 1873 1738 1914 lin-

203 1941 384 1987 quentes
419 1932 473 1972 ad
506 1932 638 1973 invita
672 1932 945 1987 perficienda,
980 1947 1067 1973 non
1101 1932 1202 1973 odio
1238 1940 1312 1973 aut
1341 1940 1603 1986 contemptu,
1627 1939 1738 1974 teste

205 1989 319 2039 Deo,
342 1989 431 2039 sed,
455 1989 543 2030 doli
563 2005 612 2031 ac
634 1999 770 2031 metus
802 1990 995 2044 procellis
1017 1990 1313 2043 ingruentibus
1335 1999 1379 2031 et
1400 1989 1535 2031 indies
1556 1990 1736 2031 invales-

205 2047 399 2088 centibus
437 2047 611 2089 abducti
632 2048 786 2088 fuimus
818 2057 862 2089 et
882 2047 1105 2102 compulsi,
1128 2056 1258 2103 prout
1279 2049 1398 2089 novit
1420 2047 1531 2089 lator
1551 2062 1738 2103 praesen-

205 2104 317 2146 cium
339 2114 489 2147 vestrae
510 2106 869 2147 reverendissimae
892 2105 1173 2146 dominacioni
1190 2105 1369 2147 lucidius
1391 2106 1553 2160 aperire
1570 2121 1581 2155 3
1604 2105 1670 2147 cui
1692 2106 1736 2146 in

206 2164 466 2219 exponendo
489 2164 618 2205 fidem
641 2163 857 2205 credulam
879 2164 1079 2218 dignetur
1105 2164 1307 2205 adhibele
1329 2172 1468 2205 vestra
1487 2163 1736 2229 benignissi-

205 2236 276 2263 ma
316 2221 547 2276 paternitas
583 2221 820 2276 praelibata
906 2222 1019 2262 Haee
1051 2231 1192 2263 vestro
1224 2222 1358 2263 offero
1380 2221 1575 2272 examini,
1608 2236 1735 2277 quem

204 2288 395 2321 nostrum
436 2295 699 2336 recognosco
723 2279 915 2334 judicem
955 2288 999 2321 et
1040 2290 1279 2334 pauonum,
1304 2289 1456 2320 vestiae
1478 2279 1736 2334 dignissimae

205 2337 472 2393 paternitatis
495 2348 593 2379 ante
615 2339 759 2379 omnia
778 2347 927 2394 petens
949 2337 1184 2393 patiocinia
1203 2352 1299 2379 cum
1320 2337 1496 2379 favore·
1485 2369 1496 2387 ,
1529 2345 1571 2379 et
1593 2337 1737 2393 pronis

206 2396 402 2449 precibus
427 2411 560 2437 exoro
581 2395 827 2437 altissimum
844 2404 890 2437 ut
904 2396 959 2438 ad
974 2396 1143 2437 salubre
1164 2395 1354 2452 regimen
1375 2394 1566 2437 ecclesiae
1588 2404 1737 2437 vestrae

208 2464 386 2495 vestram
420 2453 668 2508 praecelsam
698 2454 1038 2495 dominacionem
1069 2453 1307 2508 prosperari
1328 2453 1535 2494 concedat
1556 2452 1738 2494 feliciter

206 2521 249 2553 et
264 2511 462 2569 benigne.
530 2511 697 2566 Scripta
719 2511 939 2562 Dunelmi‚
963 2525 1049 2552 XIII
1071 2511 1140 2553 die
1162 2511 1317 2553 mensis
1337 2510 1508 2566 Aprilis·
1555 2510 1731 2566 [1458]

378 2603 544 2645 Vestrae
575 2600 937 2644 reverendissimae
969 2601 1271 2644 dominacionis
1313 2610 1457 2644 orator
1497 2601 1734 2657 praecipuus

435 2661 650 2703 ,Iohannes
676 2660 797 2703 Prior
819 2660 1136 2704 Dunelmensis.
