1807 2962
171 134 267 175 100
490 144 634 176 HIST,
652 143 890 176 DUNELM.
920 141 1225 174 sempromzs
1251 140 1393 175 'runs-

309 473 406 503 CAP.
442 472 633 502 XXXVIII.
698 472 756 499 DE
793 459 1120 516 [SPOLIACIONE
1146 469 1475 498 CARDINALIUM
1505 455 1585 514 ET]

422 529 754 558 CAPTIVACIONE
779 528 1007 557 Lonowlcl
1032 529 1088 555 ET
1112 528 1306 556 FRA'rms
1327 528 1453 559 EJUS.

657 621 752 663 [MS.
769 622 850 665 Cap.
867 631 991 654 chxt.
1008 620 1065 653 fol.
1082 621 1155 652 211-
1167 621 1217 664 b.]

231 716 359 756 Anno
378 715 551 756 Domini
573 727 695 755 Mccc
717 713 896 768 septimo
913 712 1094 762 decimo,
1113 713 1168 754 ad
1188 711 1431 754 faciendum
1449 727 1594 767 pacem
1614 712 1708 765 [vel

172 772 474 826 imponendum
494 778 688 826 treugas]
722 771 831 812 inter
852 770 1052 825 Angliam
1084 778 1127 811 et
1161 770 1369 820 Scociam,
1394 782 1600 812 venerunt
1614 771 1703 812 duo

176 830 423 872 Cardinales
438 831 480 870 in
495 830 711 883 Angliam,
729 827 1143 881 [dominus]·÷seilicet
1159 827 1418 869 Gauselinus
1433 828 1568 880 [tituli
1582 843 1701 869 sanc=

173 896 314 928 torum
357 887 607 929 Marcellini*
638 895 682 927 et
725 885 842 927 Petri
877 885 1102 940 presbiteri
1139 885 1384 937 cardinalis]
1407 894 1450 927 et
1483 886 1622 927 Lucas
1646 886 1703 926 de

174 944 313 985 Flisco
338 946 529 1000 [Sanctae
550 943 701 985 Mariae
719 944 761 983 in
783 943 865 983 Via
886 943 998 984 Lata
1019 942 1224 984 diaconus
1241 942 1502 995 cardinalis.]
1537 942 1702 984 Habuit

171 1002 348 1058 [eciam]
383 1001 638 1043 Ludowicus
652 1001 787 1042 bullas
808 1015 934 1055 super
957 1000 1230 1056 [collacione]
1247 1000 1513 1054 episcopatus
1534 1000 1706 1042 Dunel-

169 1059 324 1100 mensis
343 1059 421 1101 sibi
451 1060 576 1108 facta,
609 1073 775 1100 necnon
798 1067 841 1099 et
864 1066 910 1099 ut
931 1067 1073 1112 posset
1094 1057 1331 1099 consecrari
1353 1058 1424 1099 ubi
1441 1058 1582 1108 vellet,
1606 1068 1649 1099 et
1679 1073 1706 1099 a

170 1132 255 1172 quo
285 1117 427 1161 vellet.
492 1116 709 1173 Cogitavit
740 1116 884 1169 igitur,
909 1115 962 1156 ad
984 1115 1343 1169 magnificentiam
1362 1115 1543 1156 nominis
1565 1115 1643 1166 sui,
1661 1116 1709 1157 in

170 1175 396 1228 praesentia
409 1174 686 1216 cardinalium
707 1188 847 1213 versus
875 1172 1061 1213 Scotiam
1079 1172 1357 1222 tendentium,
1376 1174 1420 1214 in
1434 1173 1544 1214 festo
1561 1174 1700 1215 sancti

174 1232 403 1273 Cu-thberti
426 1233 468 1272 in
493 1231 751 1285 Septembri,
765 1245 879 1271 anno>
898 1229 1350 1284 Domini-supradicto,
1370 1238 1412 1272 et
1429 1245 1584 1272 munus
1597 1246 1701 1273 con-

170 1289 416 1331 secrationis
446 1290 562 1343 apud
587 1288 847 1329 Dunelmum
880 1289 1083 1342 recipere,
1102 1296 1146 1328 et
1167 1287 1413 1329 intronizari
1444 1288 1595 1329 eodem
1616 1289 1708 1333 die..

176 1348 261 1388 Sed
288 1362 383 1388 cum
407 1346 600 1388 venirent
625 1346 789 1397 [simul]
822 1345 1057 1386 cardinales
1088 1355 1131 1386 et
1163 1345 1417 1387 Lodowicus
1447 1346 1501 1387 ad
1527 1347 1699 1388 Vadum

175 1406 402 1460 Cirporum
424 1404 535 1445 inter
559 1404 654 1445 Feri
676 1412 717 1445 et
745 1403 937 1452 Wodom,
963 1403 1146 1444 occurrit
1167 1403 1225 1444 eis
1252 1403 1472 1445 Gilbertus
1492 1404 1550 1445 de
1581 1404 1703 1445 Mid-

172 1463 345 1505 deltona
377 1477 473 1503 cum
506 1461 778 1502 multitudine
811 1470 1098 1509 armatorum3
1130 1460 1204 1516 qui·
1239 1476 1335 1501 cum
1374 1461 1434 1516 [in
1473 1461 1705 1516 principio]

171 1520 452 1562 cardinalibus
484 1528 528 1560 et
562 1519 645 1559 suis
678 1527 915 1573 parcerent,
954 1532 1040 1558 non
1072 1519 1183 1559 enirn
1223 1517 1503 1560 intendebant
1545 1533 1704 1560 nocere

171 1578 242 1628 eis,
267 1587 310 1618 et
333 1577 454 1618 multi
476 1592 519 1617 se
541 1592 630 1617 esse
652 1576 705 1616 de
726 1575 887 1617 familia
907 1575 1184 1616 cardinalium
1217 1577 1474 1625 asserebant,
1497 1591 1577 1617 nee
1608 1591 1700 1617 car—

172 1636 381 1676 dinalibus
426 1642 715 1689 pepercerunt
765 1648 847 1674 nec
897 1633 1007 1682 aliis,
1050 1633 1153 1688 quin
1205 1647 1350 1674 omnes
1395 1633 1699 1688 spoliarent.—

173 1693 467 1747 Lodowycum
507 1705 609 1732 vero
648 1699 690 1732 et
735 1690 973 1731 Hem-icum
1013 1690 1186 1731 fratrem
1247 1690 1435 1745 captivos
1485 1691 1701 1733 duxerunt

173 1751 364 1806 [secum]
389 1764 521 1804 usque
557 1747 800 1798 Mitteford,
824 1749 944 1802 cujus
971 1747 1096 1788 castri
1125 1747 1326 1802 praefatus
1350 1748 1570 1790 Gilbertus
1607 1758 1699 1790 erat

172 1818 312 1849 custos
335 1816 377 1848 et
399 1821 484 1847 non
507 1806 718 1849 dominus
797 1805 982 1846 Duobus
1014 1820 1114 1846 vero
1136 1805 1418 1846 cardinalibus
1440 1807 1545 1847 duos
1568 1821 1701 1862 equos

171 1865 429 1913 liberabant3
461 1873 505 1904 et
545 1878 620 1904 eos
660 1863 722 1904 ire
761 1862 875 1917 apud
917 1862 1178 1903 Dunelmum
1218 1863 1352 1903 libere
1381 1863 1702 1917 permittebant.

177 1923 355 1963 Factum
376 1929 438 1962 est
460 1921 540 1961 hoc
558 1920 627 1961 die
658 1921 790 1961 sancti
813 1919 989 1974 AEgidii,
1012 1919 1149 1972 primo
1177 1920 1389 1974 [scilicet]
1413 1920 1481 1962 die
1506 1922 1702 1975 Septem-

172 1980 258 2020 bris
287 1984 421 2031 [anno
451 1978 628 2019 Domini
665 1976 922 2032 supradicto.
987 1977 1210 2018 Venerunt
1232 1976 1359 2031 igitur
1389 1978 1621 2019 cardinales
1642 1977 1701 2019 sie

172 2038 286 2090 apud
309 2036 583 2085 Dunelmum,
600 2035 689 2075 sine
707 2033 985 2083 lectisterniis,
1001 2042 1159 2088 praeter
1172 2043 1321 2084 vestes,
1340 2050 1442 2091 quas
1456 2036 1698 2086 induerant,

174 2094 367 2135 omnibus
389 2093 569 2147 spoliati.
634 2091 826 2133 Providit
848 2092 977 2148 igitur
998 2091 1055 2132 eis
1080 2091 1203 2132 Prior
1223 2093 1370 2142 lectos,
1394 2107 1539 2148 equos,
1562 2100 1701 2134 vestes

172 2166 309 2192 sacras
331 2150 514 2204 integras
538 2149 704 2205 utrique
726 2163 889 2198 eorum,
909 2164 988 2204 pro
1009 2149 1229 2190 sacerdote
1246 2150 1388 2190 altaris
1405 2158 1450 2191 et
1467 2150 1667 2191 ministris
1687 2165 1698 2200 3

173 2223 252 2249 nec
274 2218 413 2259 tamen
437 2209 477 2247 in
505 2208 588 2248 hoc
605 2206 771 2261 placati,
806 2205 906 2262 quin
938 2214 1098 2247 stantes
1128 2221 1270 2247 coram
1301 2207 1459 2248 feretro
1494 2207 1699 2258 dicerent,

178 2266 299 2314 “Tu‚
324 2265 573 2314 Cuthberte,
597 2263 872 2319 respondebis
894 2263 1013 2304 nobis
1030 2263 1084 2304 de
1105 2264 1301 2304 omnibus
1323 2264 1521 2312 ablatis;''
1538 2275 1581 2306 et
1597 2264 1698 2318 lapi-

173 2323 269 2364 dem
285 2337 411 2376 super
424 2322 606 2376 lapidem
622 2321 677 2361 de
690 2320 867 2362 ecclesia
884 2335 968 2361 non
982 2320 1221 2375 relinquere
1236 2321 1560 2376 minarentur.]*
1581 2322 1698 2363 Prae-

175 2379 353 2421 munivit
368 2389 509 2420 tamen
523 2380 644 2420 Prior
655 2378 778 2419 Lodo
786 2378 934 2419 wicum
948 2378 1062 2432 apud
1079 2377 1339 2434 Derlington
1355 2378 1607 2419 existentem
1622 2394 1701 2434 per

174 2437 374 2478 nuncium
395 2451 515 2477 suum
539 2437 592 2477 de
614 2450 788 2477 occursu
811 2443 1070 2476 armatorum
1092 2435 1420 2489 praedictorum3
1452 2436 1525 2477 sed
1547 2435 1636 2490 ipse
1658 2445 1701 2479 et

174 2494 302 2535 frater
316 2495 404 2548 ejus
419 2494 536 2548 parvi
554 2494 824 2548 pendebant3
847 2492 1033 2540 dicentes
1055 2492 1171 2547 quod
1191 2492 1287 2533 Rex
1303 2493 1460 2534 Scotiae
1484 2493 1697 2548 [Franciae

174 2554 218 2590 in
241 2553 336 2594 MS.
360 2553 486 2592 Ebor.
509 2553 559 2602 by
578 2553 772 2603 mistake]
800 2550 899 2591 talia
914 2564 1000 2590 non
1021 2549 1199 2590 auderet
1215 2558 1496 2604 attemptare3
1520 2559 1563 2591 et
1583 2550 1700 2606 quod

178 2606 299 2647 Prior
332 2607 431 2648 talia
470 2607 648 2661 scripsit,
684 2607 783 2663 quia
829 2606 1188 2648 consecrationem
1231 2607 1449 2648 Lodowici
1490 2606 1698 2662 impedire

173 2664 318 2708 voluit.
384 2665 471 2706 Pro
496 2664 730 2706 Lodowico
763 2678 863 2705 vero
884 2664 942 2705 sic
963 2665 1181 2719 captivato
1211 2664 1364 2707 obtulit
1401 2664 1523 2706 Prior
1545 2673 1695 2716 vestes,

689 2781 703 2798 '²
730 2778 945 2811 Aprmmnx.
969 2777 1036 2811 No.
1055 2787 1101 2811 οι,
1115 2788 1177 2810 011.
