1807 2962
441 111 712 144 Armzxmx.
740 110 865 142 ANN.
895 110 1224 141 mccccxxxv.
1379 99 1600 145 ccxxxix

192 428 291 457 CCX.
328 427 495 454 LITERA
531 426 886 454 TESTIMONIALIS
925 425 1009 453 SUB
1055 425 1388 453 INSTRUMENTO
1429 427 1485 454 DE

189 485 489 514 PURGACIONE
552 485 723 512 DOMINI
785 483 961 511 THOMAE
1023 483 1191 510 NESBIT
1272 483 1487 511 MONACHI

185 543 396 572 DUNELM.
442 543 584 569 FACTA
626 541 878 570 OCCASIONE
918 541 1140 568 SCANDALI
1181 541 1236 567 ET
1280 541 1486 569 INFAMIAE

188 600 569 629 INCONTINENCIAE
593 600 739 627 EIDEM
762 599 991 627 MONACHO
1017 598 1260 626 IMPOSITAE.

637 696 741 740 [Reg.
762 696 836 729 111.
859 695 881 728 f.
903 697 977 733 173.
995 695 1042 738 b.]

134 791 354 833 Universis
390 791 547 833 Christi
589 791 800 841 fidelibus,
853 790 909 831 ad
959 804 1141 845 quorum
1193 789 1393 831 noticiam
1435 804 1608 844 presens

71 849 273 905 scriptum
307 850 369 890 vel
406 850 732 890 instrumentum
762 848 1020 903 pervenerit,
1054 848 1289 898 Johannes,
1327 848 1605 903 permissione

71 908 214 948 divina
256 907 380 948 Prior
430 907 619 949 ecclesiae
662 906 929 948 Cathedralis
973 906 1288 956 Dunelmensis,
1330 906 1511 947 salutem
1561 906 1607 948 in

72 965 263 1006 Domino
284 967 598 1020 sempiternam,
623 973 666 1006 et
687 964 965 1020 praesentibus
998 964 1127 1005 fidem
1149 964 1366 1005 credulam
1388 964 1605 1006 adhibere.

74 1024 185 1064 Cum
208 1023 323 1078 pium
347 1023 399 1064 sit
420 1032 462 1065 et
477 1023 738 1064 meritorium
761 1023 960 1064 scandala
981 1023 1176 1078 nequiter
1197 1021 1399 1063 suscitata
1419 1030 1461 1063 et
1485 1022 1605 1063 diffa-

72 1080 285 1122 maciones
315 1081 612 1122 innocentibus
643 1081 855 1122 maliciose
886 1079 1102 1135 impositas
1126 1079 1293 1121 veritati
1315 1079 1607 1121 testimonium

71 1138 334 1193 perhibendo
370 1139 536 1193 penitus
573 1140 757 1189 abolere,
796 1139 894 1179 hinc
931 1148 995 1180 est
1027 1138 1155 1194 quod,
1190 1153 1286 1179 cum
1319 1137 1533 1179 confrater
1564 1147 1607 1180 et

73 1197 400 1238 commonachus
439 1206 591 1247 noster,
631 1197 821 1238 Thomas
844 1196 1037 1246 Neesbit,
1075 1210 1201 1250 super
1232 1195 1405 1236 crimine.
1427 1196 1607 1237 inconti-

72 1254 248 1304 nenciae,
281 1267 328 1296 ut
350 1255 474 1305 fama,
511 1270 589 1310 per
617 1255 827 1296 maliciam
861 1268 1033 1295 suorum
1064 1253 1302 1295 emulorum
1332 1253 1604 1304 laboraverit,

73 1312 297 1353 commisso
338 1327 434 1353 cum
469 1313 618 1355 Sibilla
652 1327 788 1354 uxore
829 1312 1035 1353 Johannis
1078 1312 1350 1366 Adyngham,
1389 1326 1524 1365 nuper
1564 1311 1608 1351 in

74 1370 214 1412 Ballio
238 1370 519 1412 Dunelmensi
540 1381 844 1420 commorante,
869 1370 983 1424 apud
1001 1370 1226 1410 nonnullos
1242 1370 1378 1410 bonos
1393 1379 1436 1410 et
1455 1383 1606 1423 graves

73 1429 274 1469 extiterat
306 1429 560 1478 diffamatus,
585 1429 696 1470 idem
727 1429 856 1469 frater
890 1428 1077 1468 Thomas
1110 1427 1151 1467 in
1175 1426 1361 1481 capitulo
1378 1437 1537 1477 nostro,
1561 1427 1606 1468 in

74 1486 303 1540 praesencia
323 1487 582 1528 confratrum
614 1495 871 1536 nostrorum,
904 1500 979 1540 per
1009 1500 1086 1526 nos
1108 1500 1234 1539 super
1255 1485 1336 1526 hoc
1358 1484 1607 1526 articulatus

73 1553 316 1586 constanter
336 1545 523 1601 negavit,
543 1553 586 1585 et
619 1559 716 1585 cum
751 1543 960 1584 instancia
980 1558 1066 1584 non
1089 1542 1255 1583 modica
1276 1557 1351 1584 nos
1373 1542 1604 1598 requisivit,

74 1610 120 1642 ut
143 1602 294 1658 ipsum,
320 1618 446 1658 super
476 1576 591 1643 dicta
621 1602 796 1643 infamia
826 1602 880 1642 ad
910 1602 1214 1657 purgacionem
1246 1600 1492 1641 canonicam
1534 1600 1609 1641 ad-

74 1659 353 1701 mitteremus.
446 1661 576 1715 Cujus
630 1659 935 1724 supplicacioni
986 1668 1030 1700 et
1080 1658 1349 1714 requisicioni
1402 1667 1607 1723 tanquam

73 1718 233 1758 racioni
256 1718 448 1759 consonis
482 1733 555 1759 nos
589 1727 838 1783 annuenteS,
872 1717 1008 1772 ipsum
1041 1717 1096 1758 ad
1117 1716 1361 1771 hujusmodi
1382 1716 1609 1773 purgacio-

74 1790 172 1816 nem
196 1791 251 1816 ex
273 1776 419 1817 debito
442 1776 567 1818 officii
590 1775 721 1817 nostri
743 1775 999 1825 admisimus,
1024 1783 1066 1816 et
1089 1789 1185 1815 011111
1207 1774 1460 1816 duodecima
1481 1781 1608 1815 manu

75 1833 336 1875 confiatlum
365 1849 537 1876 suorum
570 1834 648 1875 sibi
670 1833 898 1874 indiximus
920 1833 1174 1882 faciendam,
1200 1832 1382 1873 eundem
1402 1833 1542 1873 locum
1565 1841 1609 1873 et

75 1891 187 1932 diem
228 1891 467 1958 proximum
502 1902 684 1948 protunc
725 1899 970 1947 sequentem
1004 1890 1082 1932 sibi
1113 1891 1168 1931 ad
1208 1890 1290 1932 hoc
1330 1890 1607 1944 assignantes,

75 1949 273 1991 videlicet
294 1950 538 1991 vicesimum
562 1959 759 1991 octavum
791 1949 902 1990 diem
919 1948 1074 1989 mensis
1096 1948 1300 1998 Januarii,
1324 1959 1435 1989 anno
1459 1947 1612 1988 Domi-

76 2006 120 2047 ni
142 2006 428 2072 infrascripto.
491 2008 658 2057 Quibus
682 2007 749 2049 die
771 2017 813 2048 et
837 2007 976 2056 loco,
967 2022 1009 2047 111
1041 2007 1172 2047 (101110
1202 2014 1350 2047 nostra
1371 2005 1606 2061 capitulari,

75 2064 120 2105 in
152 2066 384 2119 praesencia
415 2066 675 2107 confratrum
715 2074 957 2106 nosti-mum
999 2073 1041 2106 et
1092 2063 1374 2105 multitudinis
1425 2063 1610 2118 copiosae

75 2122 262 2164 virorum
298 2124 626 2180 fidedignorum,
663 2132 750 2165 tam
784 2122 1161 2167 ecclesiasticorum
1193 2137 1319 2178 quam
1341 2121 1608 2171 secularium,

77 2180 215 2221 dictus
254 2181 388 2223 frater
426 2182 616 2223 Thomas
654 2181 855 2223 Neesbitt
887 2196 984 2221 cum
1016 2180 1099 2221 suis
1121 2179 1531 2234 compurgatoribuS,
1556 2179 1611 2220 de

78 2252 217 2278 5011101
220 2239 311 2279 ibus
332 2239 506 2294 capituli
523 2239 670 2289 nostri,
691 2239 887 2280 videlicet
903 2238 1122 2293 Stephano
1141 2237 1358 2278 Houeden
1375 2251 1612 2291 supprime,

80 2295 321 2337 Willielmo
366 2297 642 2354 Poklyngton
681 2311 813 2338 sacrae
843 2297 1074 2350 theologiae
1104 2294 1334 2344 baculario,
1370 2293 1610 2335 Willielmo

80 2349 204 2394 Drax
220 2353 367 2395 Priore
385 2354 438 2395 de
456 2332 769 2409 Coldyngham,
786 2353 1027 2395 Willielmo
1044 2353 1177 2405 Barry
1198 2352 1344 2392 Priore
1367 2351 1421 2392 de
1440 2351 1609 2406 Fynke-

14 2458 27 2469 ⁶
79 2411 179 2461 hall,
217 2411 415 2453 Johanne
457 2412 653 2453 Durham
694 2412 873 2460 seniore,
909 2410 1099 2452 Ricardo
1144 2409 1378 2450 Hessewell
1419 2409 1613 2450 elemosi-

79 2470 211 2521 nario,
248 2470 445 2512 Johanne
483 2469 714 2524 Gisbmgh,
756 2468 977 2510 Willielmo
1013 2467 1220 2516 Durham,
1256 2466 1430 2523 Rogeio
1469 2466 1612 2522 Lang-

81 2528 259 2579 chestre,
296 2528 494 2570 Johanne
532 2526 860 2584 8111)·,11051101001
898 2526 1071 2567 Thoma
1116 2524 1292 2574 Witton,
1335 2534 1379 2565 et
1418 2525 1612 2566 Henrico

83 2587 252 2642 Feiyby
281 2586 465 2636 saciista,
496 2585 747 2641 comparuit,
778 2583 1076 2639 purgacionem
1100 2597 1230 2632 suam,
1255 2595 1301 2623 ut
1323 2582 1608 2637 praemittitur,

81 2659 158 2699 per
167 2645 313 2709 'ipsum
335 2644 508 2699 petitam
547 2653 588 2684 et
619 2658 695 2698 pei
716 2658 792 2683 nos
816 2642 893 2683 sibi
918 2656 1160 2683 concessam
1178 2650 1221 2681 et
1243 2640 1462 2690 indictam,
1480 2642 1608 2696 juxta

82 2702 274 2743 instituta
305 2702 526 2757 regularia,
564 2701 779 2749 factm-1153
814 2699 1233 2764 proclamacioneque
1270 2698 1440 2752 Ρ111)1101
1473 2709 1515 2739 et
1547 2714 1613 2740 so—

83 2759 240 2816 lempni
274 2776 349 2816 per
378 2776 453 2802 nos
483 2760 609 2812 facta,
647 2775 699 2802 an
721 2758 868 2816 aliquis
892 2767 1013 2809 esset,
1046 2773 1118 2814 qui
1151 2756 1334 2812 objicere
1360 2757 1613 2799 1010011110-
