1807 2962
429 93 695 127 ROBERTUS
721 95 788 125 DE
816 95 1161 127 GRAYSTANES.
1469 87 1562 136 109

0 208 2 212 ’
41 200 343 247 Archidiaconi
374 215 502 258 quam
543 201 683 256 potuit
719 201 914 250 fovebat3
968 201 1120 258 quibus
1161 203 1377 252 recusatis,
1420 206 1565 245 statim

0 264 2 269 ’
38 262 198 305 offensa
229 260 271 317 (P
292 260 482 315 ostensa)
515 268 581 301 est
602 274 713 301 nova
734 259 972 302 commissio
993 260 1107 301 facta
1130 259 1317 301 Ricardo
1339 261 1393 301 de
1418 261 1563 313 Getes,

35 318 192 362 rectori
222 318 276 359 de
299 318 557 359 Alwentona
587 317 631 358 in
655 316 993 366 Northumbria3
1025 318 1097 374 qui
1118 317 1261 359 statim
1282 318 1448 360 monuit
1469 334 1566 374 pro-

37 384 275 420 curatorem
315 375 475 416 Prioris
505 375 649 416 libello
682 376 956 430 respondere,
980 385 1024 416 et
1046 375 1397 417 deliberationem
1417 386 1568 431 peten-

36 445 122 478 tem
142 448 239 476 cum
260 432 451 483 domino,
487 447 565 474 nec
598 433 687 473 sine
720 433 1026 475 deliberatione
1056 434 1312 489 respondere
1335 434 1566 485 volentem,

36 493 143 534 sicut
179 506 259 533 nec
300 490 463 540 debuit,
502 490 900 541 excommunicavit,
953 491 1232 548 praefecitque
1271 491 1409 533 Priori
1450 493 1572 549 diem

38 550 190 603 Martis
226 547 424 604 proximo
460 556 721 604 sequentem,
743 548 789 589 in
820 548 997 590 ecclesia
1024 550 1176 605 majori
1200 550 1496 600 Dunelmensi,
1512 551 1569 592 ad

37 607 322 664 procuratoris
344 607 407 646 sui
438 606 751 647 contumaciam
772 606 1072 649 excusandam.
1138 607 1237 655 Quo
1259 608 1329 649 die
1348 618 1568 650 recusatus

38 675 102 707 est
122 665 225 720 ipse,
258 663 358 719 quia
388 663 794 714 excommunicatus,
828 673 871 706 et
892 664 978 715 alii,
1002 665 1107 721 quia>
1122 667 1426 708 commensales
1448 674 1492 708 et
1513 667 1569 709 de

39 722 198 765 familia
232 720 462 777 Episcopi3
494 722 570 762 sed
605 735 703 763 cum
739 736 847 763 unus
888 731 1156 764 recusaretur
1182 723 1325 765 statim
1360 740 1441 780 pro
1481 725 1567 766 alio

39 780 282 822 commissio
313 779 563 820 habebatur.
626 779 825 820 Tandem
858 780 1000 822 Lucas
1036 780 1242 832 medicus,
1267 790 1310 823 et
1329 782 1369 824 J.
1392 783 1447 824 de
1468 783 1569 825 Bel-

39 848 155 888 tona,
179 838 358 880 clericus
388 837 442 877 de
474 836 639 891 capella
663 837 877 891 Episcopi,
902 847 1083 893 uterque
1107 840 1218 893 juris
1240 840 1429 896 ignarus,
1453 856 1570 882 com-

38 895 222 938 missarii
242 895 287 935 in
308 894 388 935 hac
420 909 561 943 causa,
585 904 815 950 antequam
848 896 977 936 scribi
1008 897 1148 950 potuit
1169 911 1319 938 eorum
1340 900 1569 949 recusatio,

39 960 301 994 monuerunt
334 959 660 1006 procuratorem
698 951 862 992 Prioris
895 952 1043 994 libello
1079 954 1368 1009 respondere:
1403 965 1446 997 et
1475 956 1571 1011 ipso

41 1011 211 1052 dicente
232 1025 276 1050 se
297 1009 352 1050 ad
373 1009 456 1050 hoc
477 1024 566 1049 non
587 1009 738 1059 teneri,
762 1024 814 1049 eo
836 1009 953 1065 quod
975 1025 1101 1051 causa
1123 1012 1272 1053 eadem
1293 1013 1338 1053 in
1361 1015 1572 1068 superiori

41 1069 161 1110 curia
203 1067 467 1108 Eboracensi
502 1067 720 1121 pendebat
757 1067 958 1118 indecisa,
994 1083 1122 1124 quam
1154 1071 1453 1125 exceptionem
1483 1088 1573 1114 non

42 1133 325 1180 acceptantes,
365 1124 573 1165 Beltonus
609 1124 805 1165 Priorem
831 1133 874 1165 et
908 1126 1142 1180 capitulum
1172 1130 1573 1172 excommunicavit.

45 1184 203 1225 Postea
235 1191 378 1222 tamen
408 1181 622 1223 informati
653 1190 749 1222 sunt
770 1182 936 1236 praefati
960 1183 1128 1237 judices
1149 1199 1228 1239 per
1253 1185 1497 1238 advocatos,
1532 1198 1575 1230 et

45 1241 240 1282 Priorem
262 1248 305 1280 et
338 1241 522 1295 majores
545 1238 718 1295 capituli
739 1241 1083 1294 pronunciarunt
1104 1245 1509 1296 excommunicatos,
1533 1255 1576 1287 et

45 1298 296 1340 denunciari
325 1298 519 1338 fecerunt
548 1312 627 1351 per
658 1306 795 1338 totum
826 1299 1137 1353 episcopatum.
1199 1301 1480 1355 Appellatum
1512 1312 1577 1345 est

43 1371 125 1412 pro
148 1356 299 1397 Priore
336 1363 378 1395 et
398 1355 632 1410 majoribus
665 1354 839 1409 capituli
871 1355 926 1396 ad
947 1357 1110 1397 curiam
1134 1357 1376 1399 Romanam
1399 1360 1576 1411 directe,

43 1424 87 1455 et
123 1411 442 1454 Eboracensem
479 1427 558 1467 pro
594 1413 793 1462 tuicione,
826 1421 869 1454 et
900 1415 1092 1469 quamvis
1122 1415 1293 1457 interim
1332 1417 1577 1474 Episcopus

43 1471 352 1513 Dunelmensis
393 1469 635 1511 officialem
688 1470 1021 1521 Eboracensem,
1075 1472 1293 1515 Thomam
1346 1474 1574 1531 Sampson,

45 1528 372 1584 stipendiarium
405 1542 531 1568 suum
562 1528 745 1578 fecisset,
778 1528 860 1584 ipsi
892 1530 1144 1583 pensionem
1164 1545 1353 1573 annuam
1384 1543 1426 1574 et
1447 1535 1576 1576 robas

45 1601 142 1628 suas
182 1585 458 1635 conferendo,
496 1584 794 1626 inhibitionem
829 1595 974 1627 tamen
1006 1587 1131 1628 Prior
1166 1589 1226 1630 ibi
1264 1590 1465 1644 optinuit,
1500 1593 1576 1634 sed

44 1644 225 1685 clericus
252 1642 428 1693 Prioris,
451 1643 490 1684 J.
517 1643 572 1683 de
602 1643 789 1694 Herlaw,
812 1643 1113 1686 inhibitionem
1138 1645 1357 1702 Episcopo
1378 1649 1577 1692 deferens

45 1700 161 1756 apud
188 1700 493 1756 Wolsingham,
516 1701 561 1740 in
583 1716 659 1741 sua
675 1701 904 1742 venacione
925 1702 1142 1753 existenti,
1164 1705 1315 1745 mortis
1335 1707 1576 1760 periculum

44 1761 119 1800 vix
140 1759 293 1807 evasit3
322 1758 529 1799 insultum
548 1758 586 1798 ei
608 1758 825 1808 dantibus,
846 1758 919 1813 qui
936 1774 1034 1801 cum
1053 1760 1272 1816 Episcopo
1285 1773 1422 1813 erant,
1441 1765 1577 1807 Fran-

45 1817 120 1857 cis.
195 1815 319 1856 Misit
358 1830 462 1871 ergo
505 1815 632 1856 Prior
667 1816 722 1857 ad
765 1816 943 1857 Curiam
983 1826 1027 1858 et
1060 1818 1319 1873 impetravit.
1396 1821 1577 1864 Interim

50 1873 291 1928 Episcopus
332 1874 625 1914 visitacionem
665 1888 785 1914 suam
835 1874 971 1928 petiit,
1014 1883 1063 1915 ut
1112 1877 1266 1917 timore
1315 1878 1578 1922 visitacionis

48 1931 243 1972 Priorem
274 1930 498 1971 induceret
528 1931 679 1971 saltem
704 1931 760 1972 ad
781 1932 1147 1973 consenciendum
1168 1935 1381 1975 consimili
1401 1951 1580 1992 compo-

47 1988 189 2029 sitioni
224 1988 336 2029 inter
371 1996 573 2042 nepotem
609 2003 735 2029 suum
772 1988 1141 2030 Archidiaconum
1177 1999 1220 2032 et
1250 1992 1407 2047 ipsum,
1439 1996 1579 2050 qualis

47 2057 139 2087 erat
159 2046 271 2086 inter
301 2045 497 2086 Priorem
519 2053 561 2086 et
585 2045 801 2086 Thomam
821 2046 1186 2100 praedecessorem
1207 2063 1358 2098 suum3
1390 2066 1472 2104 pro
1494 2053 1577 2095 hoc

47 2103 160 2144 enim
194 2102 440 2158 frequenter
476 2111 723 2159 rogaverat3
756 2111 811 2152 et,
844 2103 944 2158 quia
971 2105 1165 2158 optinere
1187 2121 1275 2147 non
1295 2109 1451 2162 potuit,
1476 2125 1579 2152 con-

48 2168 259 2215 temptum
296 2175 340 2201 se
373 2162 614 2215 reputabat.
678 2160 805 2201 Prior
840 2175 943 2201 vero
980 2169 1022 2202 et
1054 2163 1304 2216 capitulum,
1344 2165 1578 2223 allegantes

50 2218 316 2259 sterilitatem
356 2217 574 2258 fructuum
610 2226 652 2258 et
682 2217 910 2272 penuriam
950 2218 1053 2259 foeni
1084 2228 1127 2260 et
1157 2221 1307 2275 pabuli
1336 2237 1416 2277 pro
1457 2226 1579 2280 equis

49 2276 150 2316 anni
182 2275 310 2324 illius,
345 2283 388 2316 et
421 2275 521 2315 ideo
557 2290 688 2331 grave
720 2275 829 2316 foret
859 2275 919 2316 eis
940 2290 1094 2317 vocare
1114 2277 1267 2320 fratres
1289 2279 1343 2320 de
1367 2281 1513 2331 cellis,
1536 2292 1579 2324 et

49 2333 177 2373 etiam
207 2346 336 2388 grave
367 2332 477 2373 foret
497 2333 648 2386 patriae
669 2333 963 2373 visitacionem
984 2334 1074 2388 ejus
1096 2335 1240 2376 subire
1261 2351 1376 2377 anno
1396 2338 1485 2389 illo,
1509 2354 1580 2380 ro-

49 2390 211 2445 gabant
246 2403 343 2428 eum
374 2397 421 2429 ut
455 2390 749 2430 visitacionem
789 2404 909 2430 suam
949 2400 1205 2447 prorogaret
1240 2408 1377 2448 usque
1416 2410 1578 2438 novum

49 2459 245 2502 granum.
310 2445 531 2501 Alioquin,
568 2447 603 2486 si
630 2446 744 2487 istud
773 2461 863 2487 non
890 2447 1090 2497 deferret,
1124 2452 1407 2505 praesumptio
1429 2462 1580 2496 contra

50 2517 150 2544 eum
184 2503 294 2543 foret
322 2503 439 2557 quod
470 2503 613 2557 potius
634 2503 688 2543 ad
710 2503 956 2544 laedendum
978 2519 1106 2559 quam
1128 2506 1385 2548 medendum
1407 2510 1581 2554 visitare

49 2560 190 2609 vellet,
213 2560 592 2615 praesumptionem
625 2575 753 2601 causa
783 2560 1092 2602 Archidiaconi
1126 2563 1389 2607 intendente.
1451 2568 1581 2623 Epis-

53 2631 200 2672 copus,
226 2632 339 2666 ver0,
370 2626 549 2672 propter
585 2632 757 2658 causam
792 2617 1098 2660 Archidiaconi
1128 2621 1329 2673 offensus,
1373 2633 1417 2666 et
1455 2641 1578 2669 occa-

52 2675 218 2716 sionem
252 2689 418 2730 semper
454 2684 604 2716 contra
628 2675 823 2716 Priorem
856 2684 898 2717 et
928 2676 1164 2730 capitulum
1186 2694 1396 2734 quaerens,
1421 2697 1475 2724 ex
1498 2683 1579 2726 hac

52 2730 174 2773 litera
211 2733 342 2790 magis
375 2743 438 2774 est
468 2741 748 2788 provocatus3
782 2741 823 2775 et
853 2733 1038 2789 plurima
1071 2737 1366 2789 comminatus,
1390 2741 1578 2794 tandem,
