1807 2962
207 76 252 123 lx
513 88 650 124 fflsr.
678 82 916 121 DUNELM.
940 86 1244 121 sempronsss
1264 86 1405 122 TREs.

201 197 293 239 aliis
335 195 461 238 rebus
501 196 556 237 ad
597 195 701 237 illud
741 194 1064 250 pertinentibuS,
1107 202 1193 236 tam
1235 194 1276 235 in
1316 193 1556 236 hominibus
1596 208 1721 251 quam

200 256 247 296 in
293 254 414 296 terris
457 253 581 295 cultis
622 261 667 294 et
706 252 889 303 incultis,
933 252 974 292 in
1015 252 1092 294 viis
1127 261 1169 294 et
1209 252 1382 302 semitis,
1425 252 1469 292 in
1510 253 1638 306 pratis
1677 262 1722 294 et

201 312 395 367 pasturis,
417 312 460 351 in
491 310 650 368 stagnis
681 318 723 352 et
744 309 1010 360 molendinis,
1040 309 1082 350 in
1103 309 1222 365 aquis
1244 319 1287 351 et
1306 309 1505 365 piscariis,
1529 319 1571 350 et
1595 311 1724 351 servi-

199 369 311 411 cium
344 368 462 411 Petri
486 369 629 410 Carou
652 376 694 409 et
715 367 919 409 heredum
941 382 1113 410 suorum
1135 367 1189 409 de
1211 367 1341 408 feodo
1361 367 1484 408 unius
1505 366 1646 408 militis
1667 368 1722 409 de

205 428 367 468 Setone
403 435 447 468 et
468 426 522 467 de
545 426 731 475 Oveton,
755 433 797 466 et
819 424 1042 466 servicium
1074 425 1256 466 Thomae
1292 424 1346 466 de
1370 424 1657 479 Amundevyll
1679 434 1722 466 et

199 484 406 527 heredum
428 497 601 524 suorum
618 483 672 524 de
693 482 823 523 feodo
844 482 968 524 unius
990 482 1133 524 militis
1155 482 1209 523 de
1234 482 1417 524 Cotham
1434 490 1478 523 et
1502 481 1718 532 Treiford,

198 551 241 583 et
273 541 496 583 servicium
527 540 603 582 filii
626 539 827 582 Godfridi
860 540 1004 582 Baard
1040 550 1082 582 et
1103 540 1303 582 heredem
1325 554 1497 581 suorum
1520 539 1573 579 de
1594 539 1723 580 feodo

199 599 380 641 duarum
410 597 593 653 partium
625 597 749 638 unius
782 597 926 638 militis
964 598 1017 639 de
1057 597 1276 640 Midelton
1304 606 1349 639 et
1378 597 1431 638 de
1471 596 1722 645 Hertburn;

199 672 302 713 quas
325 665 456 698 terras
477 655 531 696 de
554 655 676 696 nobis
698 655 901 697 tenebant
921 654 1028 697 inter
1050 655 1219 710 Tynam
1241 664 1284 696 et
1303 655 1503 711 Teysam,
1522 669 1617 696 cum
1634 670 1719 696 om·

197 714 320 756 nibus
341 713 431 755 aliis
450 714 579 755 rebus
600 712 655 754 ad
677 713 881 768 praedicta
901 713 1029 754 feoda
1048 712 1366 767 pertinentibus,
1392 712 1432 752 in
1455 712 1722 753 excambium

197 786 276 827 pro
308 770 485 813 servicio
520 770 637 812 feodi
672 772 800 811 trium
836 770 1017 811 militum
1049 771 1164 826 quod
1188 769 1409 825 Philippus
1441 769 1494 810 de
1521 769 1647 811 Kime
1667 770 1727 811 de

197 829 291 884 ipso
334 828 548 885 Episcopo
583 828 628 869 in
665 828 933 885 Lyncolnsyr
966 829 1154 878 tenebat,
1192 836 1237 869 et
1269 842 1347 878 pro
1382 827 1511 868 feodo
1542 827 1722 869 duorum

198 887 380 928 militum
417 885 534 942 quod
571 885 779 927 Girardus
816 886 870 927 de
906 885 1098 927 Canville
1120 885 1173 926 de
1196 885 1345 926 eodem
1368 885 1556 935 tenebat,
1581 894 1623 926 et
1644 900 1727 940 pro

197 944 327 986 feodo
368 945 492 985 unius
516 942 658 983 militis
694 943 811 998 quod
848 942 1091 984 Baldwinus
1117 943 1230 983 Wac
1267 951 1311 983 et
1343 942 1452 983 filius
1477 943 1636 997 Rogeri
1667 943 1726 984 de⁴

201 1000 363 1043 Osevill
393 1000 550 1041 ibidem
573 1001 627 1041 de
648 1000 802 1041 eodem
828 1000 1016 1043 tenebat.
1085 999 1229 1046 Quare
1250 1000 1445 1041 volumus
1467 1009 1511 1041 et
1530 1000 1724 1055 praecipi-

197 1074 304 1110 mus,
342 1058 455 1115 quod
479 1056 710 1113 praedictus
746 1057 803 1101 H.
829 1057 1131 1098 Dunelmensis
1153 1056 1377 1112 episcopus
1400 1067 1442 1098 et
1463 1073 1720 1099 successores

197 1116 275 1167 sui,
299 1115 504 1172 praedicta
525 1115 612 1156 duo
633 1113 760 1155 feoda
780 1113 962 1154 militum
984 1123 1028 1154 et
1050 1113 1154 1155 duas
1175 1123 1316 1168 partes
1339 1114 1453 1155 feodi
1475 1115 1598 1157 unius
1614 1115 1722 1157 mili-

197 1174 250 1215 tis
271 1188 367 1215 cum
401 1172 610 1227 praedicto
650 1171 841 1212 manerio
878 1171 933 1212 de
972 1170 1166 1226 Sadberg
1201 1180 1245 1212 et
1280 1172 1585 1227 wapentachio,
1615 1172 1723 1214 sicut

195 1230 449 1287 praedictum
481 1237 558 1279 est,
593 1236 784 1278 teneant,
821 1228 1009 1270 habeant
1044 1237 1086 1270 et
1115 1228 1372 1283 possideant,
1395 1229 1539 1280 libere,
1563 1232 1723 1286 quiete,

196 1297 241 1331 et
261 1287 514 1337 honorifice,
538 1300 633 1327 cum
666 1286 860 1327 omnibus
890 1287 1017 1327 rebus
1039 1286 1093 1327 ad
1115 1301 1166 1328 ea
1185 1285 1505 1341 pertinentibuS,
1528 1289 1571 1328 in
1592 1288 1722 1329 bosco

196 1355 240 1388 et
260 1346 403 1402 plano,
426 1359 521 1385 cum
545 1344 674 1385 socha
696 1352 740 1385 et
760 1344 887 1385 sacha
907 1352 951 1385 et
973 1344 1034 1385 tol
1065 1353 1109 1385 et
1138 1343 1282 1385 theem
1305 1354 1347 1386 et
1367 1344 1727 1401 infangenethefe,

196 1412 238 1445 et
268 1418 366 1445 cum
397 1401 591 1443 omnibus
624 1401 713 1443 aliis
744 1401 1011 1443 libertatibus
1038 1410 1079 1443 et
1100 1401 1241 1442 liberis
1263 1402 1654 1453 consuetudinibus,
1677 1415 1722 1445 et

195 1476 293 1504 cum
323 1459 488 1517 placitis
510 1459 563 1501 ad
586 1474 786 1500 coronam
808 1458 1135 1513 pertinentibuS,
1159 1459 1265 1500 sicut
1281 1474 1357 1500 nos
1373 1459 1454 1514 ipsi
1475 1459 1518 1501 in
1551 1461 1724 1516 propria

195 1534 325 1561 manu
355 1526 498 1559 nostra
516 1517 793 1566 habebamus,
818 1525 860 1558 et
887 1516 1107 1572 sicutipse
1127 1518 1349 1572 episcopus
1369 1517 1499 1559 habet
1529 1527 1572 1559 et
1608 1527 1725 1560 tenet

196 1576 299 1618 alias
331 1584 464 1617 terras
491 1589 585 1616 suas
616 1583 661 1616 et
690 1574 819 1615 feoda
838 1573 1020 1615 militum
1042 1573 1083 1614 in
1109 1574 1372 1629 Episcopatu
1394 1589 1485 1624 suo,
1505 1583 1546 1616 et
1568 1584 1615 1617 ut
1636 1584 1723 1617 tam

195 1633 287 1689 ipse.
310 1633 546 1688 Episcopus
577 1646 703 1688 quam
735 1647 995 1673 successores
1016 1631 1079 1672 sui
1101 1631 1326 1686 disponant
1343 1632 1396 1673 de
1417 1632 1657 1674 hominibus
1679 1642 1727 1675 et

196 1690 318 1733 terris
354 1691 409 1732 ad
445 1690 560 1731 idem
592 1688 826 1730 manerium
846 1689 1154 1744 pertinentibus
1175 1690 1229 1730 ad
1251 1689 1417 1730 libitum
1440 1705 1561 1731 suum
1584 1700 1628 1732 et
1649 1707 1723 1732 vo·-

195 1748 418 1798 luntatem,
453 1747 561 1789 sicut
588 1747 643 1788 de
665 1747 756 1788 aliis
779 1746 1024 1788 hominibus
1045 1756 1088 1788 et
1110 1747 1231 1788 terris
1253 1747 1337 1788 suis
1359 1746 1402 1788 in
1422 1747 1576 1788 eodem
1601 1748 1725 1803 Epis-

196 1815 352 1861 copatu
398 1820 476 1845 suo
525 1803 702 1845 faciunt.
766 1804 865 1844 Hiis
905 1804 1084 1845 testibus
1137 1804 1360 1845 Baldwino
1412 1805 1722 1856 Cantuariensi,

200 1862 411 1905 Gualtero
435 1860 788 1916 Rothomagensi,
812 1869 856 1901 et
887 1861 1084 1902 Johanne
1107 1861 1362 1902 Dublinensi
1384 1861 1721 1917 archiepiscopis,

203 1918 444 1977 Reginaldo
476 1917 767 1966 Bathoniensi,
796 1917 982 1970 Hugone
1015 1917 1314 1968 Lincolniensi,
1339 1918 1533 1960 Johanne
1556 1920 1724 1961 Norwi-

199 1976 329 2026 censi,
356 1975 580 2016 Willelmo
603 1974 914 2028 wigorniensi,
968 1975 1160 2029 Hugone
1205 1976 1502 2026 coventrensi,
1551 1978 1729 2019 Sefrido

203 2033 475 2082 cicestrensi,
513 2032 714 2074 Gilberto
750 2031 957 2081 Roffensi,
980 2033 1179 2074 Johanne
1202 2033 1464 2084 Exoniense,
1500 2036 1720 2090 episcopis,

200 2090 375 2133 domino
395 2089 594 2131 Johanne
629 2089 760 2129 fratre
793 2088 952 2129 domini
989 2089 1133 2145 Regis,
1172 2090 1377 2131 Willelmo
1409 2092 1462 2132 de
1487 2091 1723 2136 Mandville

198 2148 354 2189 comite
372 2147 426 2188 de
443 2146 593 2195 EsseX,
613 2146 808 2186 Roberto
826 2146 981 2188 comite
996 2146 1049 2188 de
1064 2147 1294 2198 Leicestre,
1317 2149 1550 2191 Hamelino
1565 2152 1729 2192 comite

201 2206 255 2247 de
283 2205 461 2253 Waren,
491 2203 735 2244 Gualerano
757 2203 911 2244 comite
933 2204 986 2245 de
1013 2204 1240 2255 Warewic,
1270 2206 1478 2247 Willelmo
1495 2208 1649 2249 comite
1667 2209 1721 2250 de

201 2262 413 2311 Arundel,
451 2260 639 2302 Ricardo
660 2261 816 2301 comite
838 2260 891 2302 de
915 2261 1054 2311 Clare,
1081 2261 1304 2303 Willelmo
1325 2264 1481 2306 comite
1503 2265 1557 2306 de
1582 2266 1723 2308 Sales-

200 2320 280 2370 bri,
308 2319 479 2374 Rogero
514 2318 658 2372 Bigot,
683 2325 725 2359 et
752 2317 973 2359 Willelmo
997 2318 1254 2360 Marescallo
1275 2321 1430 2362 comite
1452 2322 1506 2362 de
1531 2322 1719 2379 Strigoil,

202 2387 245 2419 et
266 2378 368 2418 data
388 2391 499 2417 anno
521 2375 658 2430 primo
690 2375 810 2431 regni
832 2376 977 2427 nostri,
1001 2376 1167 2418 decimo
1188 2385 1340 2419 octavo
1362 2378 1431 2420 die
1455 2379 1723 2431 Decembris,

201 2434 316 2490 apud
357 2433 650 2483 Gaitmonant,
693 2447 770 2489 per
810 2448 984 2476 manum
1030 2434 1227 2477 Willelmi
1258 2434 1311 2477 de
1346 2436 1499 2492 Longo
1536 2439 1721 2495 CampO,

202 2491 442 2533 cancellarii
464 2490 612 2535 nostri.
