<?xml version="1.0" encoding="UTF-8"?>
<!DOCTYPE html PUBLIC "-//W3C//DTD XHTML 1.0 Transitional//EN"
    "http://www.w3.org/TR/xhtml1/DTD/xhtml1-transitional.dtd">
<html xmlns="http://www.w3.org/1999/xhtml" xml:lang="en" lang="en">
 <head>
  <title>
</title>
<meta http-equiv="Content-Type" content="text/html;charset=utf-8" />
  <meta name='ocr-system' content='tesseract 3.04.00' />
  <meta name='ocr-capabilities' content='ocr_page ocr_carea ocr_par ocr_line ocrx_word'/>
</head>
<body>
  <div class='ocr_page' id='page_1' title='image "./historiaedunelme00gauf_0066.png"; bbox 0 0 1807 2962; ppageno 0'>
   <div class='ocr_carea' id='block_1_1' title="bbox 229 98 1451 140">
    <p class='ocr_par' dir='ltr' id='par_1_1' title="bbox 229 98 1451 140">
     <span class='ocr_line' id='line_1_1' title="bbox 229 98 1451 140; baseline -0.007 0"><span class='ocrx_word' id='word_1_1' title='bbox 229 98 290 140; x_wconf 61' lang='grc' dir='ltr'>ἘΞ</span> <span class='ocrx_word' id='word_1_2' title='bbox 562 108 695 140; x_wconf 69' lang='grc' dir='ltr'><strong>ΗΙεΤ.</strong></span> <span class='ocrx_word' id='word_1_3' title='bbox 723 105 957 139; x_wconf 75' lang='lat' dir='ltr'><strong>DUNELM.</strong></span> <span class='ocrx_word' id='word_1_4' title='bbox 986 102 1288 137; x_wconf 64' lang='lat' dir='ltr'>semproans</span> <span class='ocrx_word' id='word_1_5' title='bbox 1314 101 1451 137; x_wconf 74' lang='lat' dir='ltr'>Tnsss.</span> 
     </span>
    </p>
   </div>
   <div class='ocr_carea' id='block_1_2' title="bbox 219 211 1763 2344">
    <p class='ocr_par' dir='ltr' id='par_1_2' title="bbox 219 211 1763 2344">
     <span class='ocr_line' id='line_1_2' title="bbox 227 211 1761 271; baseline -0.004 -13"><span class='ocrx_word' id='word_1_6' title='bbox 227 217 504 271; x_wconf 86' lang='lat' dir='ltr'>segregavit].</span> <span class='ocrx_word' id='word_1_7' title='bbox 597 216 717 258; x_wconf 81' lang='lat' dir='ltr'>Fecit</span> <span class='ocrx_word' id='word_1_8' title='bbox 748 221 925 270; x_wconf 85' lang='lat' dir='ltr'>pontem</span> <span class='ocrx_word' id='word_1_9' title='bbox 951 213 1005 254; x_wconf 90' lang='lat' dir='ltr'>de</span> <span class='ocrx_word' id='word_1_10' title='bbox 1041 212 1209 264; x_wconf 74' lang='lat' dir='ltr'>Elvete,</span> <span class='ocrx_word' id='word_1_11' title='bbox 1249 222 1293 254; x_wconf 86' lang='lat' dir='ltr'>et</span> <span class='ocrx_word' id='word_1_12' title='bbox 1327 213 1518 268; x_wconf 82' lang='lat' dir='ltr'>Burgum</span> <span class='ocrx_word' id='word_1_13' title='bbox 1542 211 1761 261; x_wconf 81' lang='lat' dir='ltr'>similiter3</span> 
     </span>
     <span class='ocr_line' id='line_1_3' title="bbox 226 269 1763 331; baseline -0.003 -16"><span class='ocrx_word' id='word_1_14' title='bbox 226 290 354 331; x_wconf 92' lang='lat' dir='ltr'>quem</span> <span class='ocrx_word' id='word_1_15' title='bbox 377 284 525 330; x_wconf 85' lang='lat' dir='ltr'>postea</span> <span class='ocrx_word' id='word_1_16' title='bbox 555 273 786 322; x_wconf 83' lang='lat' dir='ltr'>monachis,</span> <span class='ocrx_word' id='word_1_17' title='bbox 819 287 872 313; x_wconf 91' lang='lat' dir='ltr'>eo</span> <span class='ocrx_word' id='word_1_18' title='bbox 894 271 1009 327; x_wconf 90' lang='lat' dir='ltr'>quod</span> <span class='ocrx_word' id='word_1_19' title='bbox 1035 271 1142 326; x_wconf 86' lang='lat' dir='ltr'>juris</span> <span class='ocrx_word' id='word_1_20' title='bbox 1165 286 1309 314; x_wconf 90' lang='lat' dir='ltr'>eorum</span> <span class='ocrx_word' id='word_1_21' title='bbox 1332 280 1456 321; x_wconf 88' lang='lat' dir='ltr'>esset,</span> <span class='ocrx_word' id='word_1_22' title='bbox 1481 285 1575 313; x_wconf 84' lang='lat' dir='ltr'>cum</span> <span class='ocrx_word' id='word_1_23' title='bbox 1594 269 1763 311; x_wconf 77' lang='lat' dir='ltr'>liberta-</span> 
     </span>
     <span class='ocr_line' id='line_1_4' title="bbox 227 328 1761 387; baseline -0.005 -12"><span class='ocrx_word' id='word_1_24' title='bbox 227 333 338 375; x_wconf 91' lang='lat' dir='ltr'>tibus</span> <span class='ocrx_word' id='word_1_25' title='bbox 371 334 455 375; x_wconf 89' lang='lat' dir='ltr'>suis</span> <span class='ocrx_word' id='word_1_26' title='bbox 477 333 642 387; x_wconf 79' lang='lat' dir='ltr'>integre</span> <span class='ocrx_word' id='word_1_27' title='bbox 673 329 916 384; x_wconf 67' lang='lat' dir='ltr'>resignavit.</span> <span class='ocrx_word' id='word_1_28' title='bbox 982 329 1160 371; x_wconf 77' lang='lat' dir='ltr'>Murum</span> <span class='ocrx_word' id='word_1_29' title='bbox 1192 344 1362 386; x_wconf 88' lang='lat' dir='ltr'>quoque</span> <span class='ocrx_word' id='word_1_30' title='bbox 1402 344 1428 370; x_wconf 86' lang='lat' dir='ltr'>a</span> <span class='ocrx_word' id='word_1_31' title='bbox 1468 338 1593 384; x_wconf 86' lang='lat' dir='ltr'>porta</span> <span class='ocrx_word' id='word_1_32' title='bbox 1628 328 1761 383; x_wconf 88' lang='lat' dir='ltr'>aquil-</span> 
     </span>
     <span class='ocr_line' id='line_1_5' title="bbox 227 387 1761 448; baseline -0.004 -17"><span class='ocrx_word' id='word_1_33' title='bbox 227 391 346 432; x_wconf 90' lang='lat' dir='ltr'>onari</span> <span class='ocrx_word' id='word_1_34' title='bbox 368 406 501 448; x_wconf 90' lang='lat' dir='ltr'>usque</span> <span class='ocrx_word' id='word_1_35' title='bbox 537 391 591 432; x_wconf 82' lang='lat' dir='ltr'>ad</span> <span class='ocrx_word' id='word_1_36' title='bbox 627 388 855 431; x_wconf 85' lang='lat' dir='ltr'>australem</span> <span class='ocrx_word' id='word_1_37' title='bbox 896 401 1056 428; x_wconf 91' lang='lat' dir='ltr'>novum</span> <span class='ocrx_word' id='word_1_38' title='bbox 1099 388 1212 429; x_wconf 87' lang='lat' dir='ltr'>fecit.</span> <span class='ocrx_word' id='word_1_39' title='bbox 1276 387 1326 429; x_wconf 91' lang='lat' dir='ltr'>In</span> <span class='ocrx_word' id='word_1_40' title='bbox 1364 387 1553 429; x_wconf 82' lang='lat' dir='ltr'>aedificiis</span> <span class='ocrx_word' id='word_1_41' title='bbox 1593 401 1761 442; x_wconf 86' lang='lat' dir='ltr'>quoque</span> 
     </span>
     <span class='ocr_line' id='line_1_6' title="bbox 226 444 1762 502; baseline -0.005 -12"><span class='ocrx_word' id='word_1_42' title='bbox 226 449 407 491; x_wconf 84' lang='lat' dir='ltr'>eandem</span> <span class='ocrx_word' id='word_1_43' title='bbox 447 449 633 490; x_wconf 86' lang='lat' dir='ltr'>habebat</span> <span class='ocrx_word' id='word_1_44' title='bbox 674 445 913 488; x_wconf 69' lang='lat' dir='ltr'><strong>instantiam</strong></span> <span class='ocrx_word' id='word_1_45' title='bbox 935 457 951 494; x_wconf 77' lang='grc' dir='ltr'>ς·</span> <span class='ocrx_word' id='word_1_46' title='bbox 977 446 1120 487; x_wconf 91' lang='lat' dir='ltr'>necin</span> <span class='ocrx_word' id='word_1_47' title='bbox 1157 444 1348 502; x_wconf 81' lang='lat' dir='ltr'>qualibet</span> <span class='ocrx_word' id='word_1_48' title='bbox 1386 457 1527 487; x_wconf 83' lang='lat' dir='ltr'>rerum</span> <span class='ocrx_word' id='word_1_49' title='bbox 1556 444 1762 499; x_wconf 79' lang='lat' dir='ltr'>pensabat</span> 
     </span>
     <span class='ocr_line' id='line_1_7' title="bbox 226 501 1760 562; baseline -0.004 -14"><span class='ocrx_word' id='word_1_50' title='bbox 226 508 476 562; x_wconf 83' lang='lat' dir='ltr'>erogatione</span> <span class='ocrx_word' id='word_1_51' title='bbox 507 507 595 548; x_wconf 88' lang='lat' dir='ltr'>sive</span> <span class='ocrx_word' id='word_1_52' title='bbox 636 505 898 561; x_wconf 84' lang='lat' dir='ltr'>dispersione</span> <span class='ocrx_word' id='word_1_53' title='bbox 932 502 1201 559; x_wconf 74' lang='lat' dir='ltr'>dispendium</span> <span class='ocrx_word' id='word_1_54' title='bbox 1219 519 1230 552; x_wconf 84' lang='lat'><em>3</em></span> <span class='ocrx_word' id='word_1_55' title='bbox 1262 503 1364 544; x_wconf 89' lang='lat' dir='ltr'>dum</span> <span class='ocrx_word' id='word_1_56' title='bbox 1396 503 1540 544; x_wconf 87' lang='lat' dir='ltr'>omnia</span> <span class='ocrx_word' id='word_1_57' title='bbox 1564 502 1629 543; x_wconf 87' lang='lat' dir='ltr'>vel</span> <span class='ocrx_word' id='word_1_58' title='bbox 1665 501 1760 556; x_wconf 84' lang='lat' dir='ltr'>[ad]</span> 
     </span>
     <span class='ocr_line' id='line_1_8' title="bbox 225 559 1761 619; baseline -0.004 -14"><span class='ocrx_word' id='word_1_59' title='bbox 225 565 315 619; x_wconf 88' lang='lat' dir='ltr'>ejus</span> <span class='ocrx_word' id='word_1_60' title='bbox 346 565 610 606; x_wconf 86' lang='lat' dir='ltr'>voluntatem</span> <span class='ocrx_word' id='word_1_61' title='bbox 644 563 882 618; x_wconf 86' lang='lat' dir='ltr'>explerent,</span> <span class='ocrx_word' id='word_1_62' title='bbox 916 561 984 602; x_wconf 91' lang='lat' dir='ltr'>vel</span> <span class='ocrx_word' id='word_1_63' title='bbox 1020 571 1221 616; x_wconf 88' lang='lat' dir='ltr'>parerent</span> <span class='ocrx_word' id='word_1_64' title='bbox 1253 561 1439 605; x_wconf 88' lang='lat' dir='ltr'>laudem.</span> <span class='ocrx_word' id='word_1_65' title='bbox 1504 561 1556 602; x_wconf 93' lang='lat' dir='ltr'>In</span> <span class='ocrx_word' id='word_1_66' title='bbox 1585 559 1761 601; x_wconf 86' lang='lat' dir='ltr'>castello</span> 
     </span>
     <span class='ocr_line' id='line_1_9' title="bbox 224 619 1761 679; baseline -0.003 -16"><span class='ocrx_word' id='word_1_67' title='bbox 224 622 369 679; x_wconf 87' lang='lat' dir='ltr'>itaque</span> <span class='ocrx_word' id='word_1_68' title='bbox 391 622 665 664; x_wconf 83' lang='lat' dir='ltr'>Dunhelmiae</span> <span class='ocrx_word' id='word_1_69' title='bbox 696 619 893 670; x_wconf 83' lang='lat' dir='ltr'>aedificia,</span> <span class='ocrx_word' id='word_1_70' title='bbox 927 634 1024 675; x_wconf 88' lang='lat' dir='ltr'>quae</span> <span class='ocrx_word' id='word_1_71' title='bbox 1045 619 1189 674; x_wconf 90' lang='lat' dir='ltr'>primis</span> <span class='ocrx_word' id='word_1_72' title='bbox 1221 621 1489 674; x_wconf 82' lang='lat' dir='ltr'>episcopatus</span> <span class='ocrx_word' id='word_1_73' title='bbox 1511 620 1574 659; x_wconf 87' lang='lat' dir='ltr'>sni</span> <span class='ocrx_word' id='word_1_74' title='bbox 1598 626 1761 672; x_wconf 86' lang='lat' dir='ltr'>tempo-</span> 
     </span>
     <span class='ocr_line' id='line_1_10' title="bbox 223 675 1760 733; baseline -0.005 -11"><span class='ocrx_word' id='word_1_75' title='bbox 223 680 341 722; x_wconf 87' lang='lat' dir='ltr'>ribus</span> <span class='ocrx_word' id='word_1_76' title='bbox 366 681 539 722; x_wconf 85' lang='lat' dir='ltr'>flamma</span> <span class='ocrx_word' id='word_1_77' title='bbox 559 686 891 733; x_wconf 78' lang='lat' dir='ltr'>consumpserat,</span> <span class='ocrx_word' id='word_1_78' title='bbox 925 678 1148 719; x_wconf 87' lang='lat' dir='ltr'>renovavit</span> <span class='ocrx_word' id='word_1_79' title='bbox 1167 693 1178 727; x_wconf 93' lang='lat'>;</span> <span class='ocrx_word' id='word_1_80' title='bbox 1211 686 1256 719; x_wconf 89' lang='lat' dir='ltr'>et</span> <span class='ocrx_word' id='word_1_81' title='bbox 1278 677 1500 718; x_wconf 91' lang='lat' dir='ltr'>castellum</span> <span class='ocrx_word' id='word_1_82' title='bbox 1522 677 1575 718; x_wconf 92' lang='lat' dir='ltr'>de</span> <span class='ocrx_word' id='word_1_83' title='bbox 1599 675 1760 716; x_wconf 88' lang='lat' dir='ltr'>North-</span> 
     </span>
     <span class='ocr_line' id='line_1_11' title="bbox 224 733 1763 794; baseline -0.005 -14"><span class='ocrx_word' id='word_1_84' title='bbox 224 750 308 788; x_wconf 67' lang='lat' dir='ltr'>am&#39;,</span> <span class='ocrx_word' id='word_1_85' title='bbox 353 738 470 794; x_wconf 89' lang='lat' dir='ltr'>quod</span> <span class='ocrx_word' id='word_1_86' title='bbox 519 737 829 780; x_wconf 83' lang='lat' dir='ltr'>munitionibus</span> <span class='ocrx_word' id='word_1_87' title='bbox 867 735 1081 776; x_wconf 83' lang='lat' dir='ltr'>infirmum</span> <span class='ocrx_word' id='word_1_88' title='bbox 1119 734 1295 790; x_wconf 76' lang='lat' dir='ltr'>reperit,</span> <span class='ocrx_word' id='word_1_89' title='bbox 1344 743 1460 776; x_wconf 78' lang='lat' dir='ltr'>turre</span> <span class='ocrx_word' id='word_1_90' title='bbox 1505 733 1763 776; x_wconf 83' lang='lat' dir='ltr'>validissima</span> 
     </span>
     <span class='ocr_line' id='line_1_12' title="bbox 223 791 1763 850; baseline -0.004 -13"><span class='ocrx_word' id='word_1_91' title='bbox 223 794 335 838; x_wconf 85' lang='lat' dir='ltr'>forte</span> <span class='ocrx_word' id='word_1_92' title='bbox 364 796 565 838; x_wconf 86' lang='lat' dir='ltr'>reddidit.</span> <span class='ocrx_word' id='word_1_93' title='bbox 627 794 759 850; x_wconf 92' lang='lat' dir='ltr'>Apud</span> <span class='ocrx_word' id='word_1_94' title='bbox 787 793 1063 835; x_wconf 87' lang='lat' dir='ltr'>Alvertonam</span> <span class='ocrx_word' id='word_1_95' title='bbox 1084 794 1211 835; x_wconf 88' lang='lat' dir='ltr'>etiam</span> <span class='ocrx_word' id='word_1_96' title='bbox 1245 793 1427 834; x_wconf 90' lang='lat' dir='ltr'>firmavit</span> <span class='ocrx_word' id='word_1_97' title='bbox 1460 792 1650 848; x_wconf 88' lang='lat' dir='ltr'>opidum,</span> <span class='ocrx_word' id='word_1_98' title='bbox 1684 791 1763 832; x_wconf 94' lang='lat' dir='ltr'>im-</span> 
     </span>
     <span class='ocr_line' id='line_1_13' title="bbox 222 849 1760 911; baseline -0.005 -15"><span class='ocrx_word' id='word_1_99' title='bbox 222 862 393 909; x_wconf 88' lang='lat' dir='ltr'>petrato</span> <span class='ocrx_word' id='word_1_100' title='bbox 415 870 441 895; x_wconf 88' lang='lat' dir='ltr'>a</span> <span class='ocrx_word' id='word_1_101' title='bbox 463 854 586 911; x_wconf 87' lang='lat' dir='ltr'>Rege</span> <span class='ocrx_word' id='word_1_102' title='bbox 608 862 656 895; x_wconf 92' lang='lat' dir='ltr'>ut</span> <span class='ocrx_word' id='word_1_103' title='bbox 676 853 785 893; x_wconf 89' lang='lat' dir='ltr'>inter</span> <span class='ocrx_word' id='word_1_104' title='bbox 801 851 1055 901; x_wconf 88' lang='lat' dir='ltr'>adulterina,</span> <span class='ocrx_word' id='word_1_105' title='bbox 1072 866 1168 908; x_wconf 86' lang='lat' dir='ltr'>quae</span> <span class='ocrx_word' id='word_1_106' title='bbox 1187 861 1288 892; x_wconf 90' lang='lat' dir='ltr'>tunc</span> <span class='ocrx_word' id='word_1_107' title='bbox 1310 850 1487 905; x_wconf 83' lang='lat' dir='ltr'>sparsim</span> <span class='ocrx_word' id='word_1_108' title='bbox 1509 865 1586 906; x_wconf 88' lang='lat' dir='ltr'>per</span> <span class='ocrx_word' id='word_1_109' title='bbox 1610 849 1760 903; x_wconf 84' lang='lat' dir='ltr'>Angli-</span> 
     </span>
     <span class='ocr_line' id='line_1_14' title="bbox 222 907 1760 967; baseline -0.005 -13"><span class='ocrx_word' id='word_1_110' title='bbox 222 927 292 954; x_wconf 88' lang='lat' dir='ltr'>am</span> <span class='ocrx_word' id='word_1_111' title='bbox 343 911 505 954; x_wconf 88' lang='lat' dir='ltr'>destrui</span> <span class='ocrx_word' id='word_1_112' title='bbox 544 911 823 967; x_wconf 85' lang='lat' dir='ltr'>jubebantur,</span> <span class='ocrx_word' id='word_1_113' title='bbox 875 909 958 951; x_wconf 89' lang='lat' dir='ltr'>hoc</span> <span class='ocrx_word' id='word_1_114' title='bbox 998 909 1135 951; x_wconf 92' lang='lat' dir='ltr'>solum</span> <span class='ocrx_word' id='word_1_115' title='bbox 1184 907 1455 964; x_wconf 87' lang='lat' dir='ltr'>privilegium</span> <span class='ocrx_word' id='word_1_116' title='bbox 1503 907 1760 962; x_wconf 83' lang='lat' dir='ltr'>integritatis</span> 
     </span>
     <span class='ocr_line' id='line_1_15' title="bbox 223 965 1759 1026; baseline -0.005 -14"><span class='ocrx_word' id='word_1_117' title='bbox 223 971 439 1026; x_wconf 83' lang='lat' dir='ltr'>optineret</span> <span class='ocrx_word' id='word_1_118' title='bbox 458 986 470 1021; x_wconf 91' lang='lat'>;</span> <span class='ocrx_word' id='word_1_119' title='bbox 492 969 609 1026; x_wconf 84' lang='lat' dir='ltr'>quod</span> <span class='ocrx_word' id='word_1_120' title='bbox 634 965 731 1010; x_wconf 80' lang='lat' dir='ltr'>Rex</span> <span class='ocrx_word' id='word_1_121' title='bbox 749 977 890 1010; x_wconf 90' lang='lat' dir='ltr'>tamen</span> <span class='ocrx_word' id='word_1_122' title='bbox 915 975 1065 1022; x_wconf 88' lang='lat' dir='ltr'>postea</span> <span class='ocrx_word' id='word_1_123' title='bbox 1085 966 1303 1008; x_wconf 84' lang='lat' dir='ltr'>mandavit</span> <span class='ocrx_word' id='word_1_124' title='bbox 1322 966 1471 1016; x_wconf 89' lang='lat' dir='ltr'>everti,</span> <span class='ocrx_word' id='word_1_125' title='bbox 1496 974 1540 1007; x_wconf 90' lang='lat' dir='ltr'>et</span> <span class='ocrx_word' id='word_1_126' title='bbox 1557 966 1648 1006; x_wconf 90' lang='lat' dir='ltr'>solo</span> <span class='ocrx_word' id='word_1_127' title='bbox 1665 965 1759 1005; x_wconf 89' lang='lat' dir='ltr'>fun-</span> 
     </span>
     <span class='ocr_line' id='line_1_16' title="bbox 222 1023 1758 1084; baseline -0.004 -14"><span class='ocrx_word' id='word_1_128' title='bbox 222 1029 337 1070; x_wconf 90' lang='lat' dir='ltr'>ditus</span> <span class='ocrx_word' id='word_1_129' title='bbox 358 1028 533 1084; x_wconf 78' lang='lat' dir='ltr'>aequari.</span> <span class='ocrx_word' id='word_1_130' title='bbox 600 1027 652 1069; x_wconf 93' lang='lat' dir='ltr'>In</span> <span class='ocrx_word' id='word_1_131' title='bbox 672 1026 762 1068; x_wconf 82' lang='lat' dir='ltr'>aliis</span> <span class='ocrx_word' id='word_1_132' title='bbox 793 1040 964 1082; x_wconf 88' lang='lat' dir='ltr'>quoque</span> <span class='ocrx_word' id='word_1_133' title='bbox 997 1025 1100 1066; x_wconf 89' lang='lat' dir='ltr'>locis</span> <span class='ocrx_word' id='word_1_134' title='bbox 1133 1024 1231 1074; x_wconf 85' lang='lat' dir='ltr'>suis,</span> <span class='ocrx_word' id='word_1_135' title='bbox 1256 1039 1352 1080; x_wconf 85' lang='lat' dir='ltr'>quae</span> <span class='ocrx_word' id='word_1_136' title='bbox 1385 1025 1451 1065; x_wconf 92' lang='lat' dir='ltr'>vel</span> <span class='ocrx_word' id='word_1_137' title='bbox 1483 1023 1634 1065; x_wconf 87' lang='lat' dir='ltr'>raritas</span> <span class='ocrx_word' id='word_1_138' title='bbox 1669 1024 1758 1064; x_wconf 86' lang='lat' dir='ltr'>sive</span> 
     </span>
     <span class='ocr_line' id='line_1_17' title="bbox 223 1080 1758 1140; baseline -0.004 -13"><span class='ocrx_word' id='word_1_139' title='bbox 223 1095 410 1129; x_wconf 83' lang='lat' dir='ltr'>vetustas</span> <span class='ocrx_word' id='word_1_140' title='bbox 445 1084 711 1140; x_wconf 84' lang='lat' dir='ltr'>[domorum]</span> <span class='ocrx_word' id='word_1_141' title='bbox 746 1083 884 1125; x_wconf 90' lang='lat' dir='ltr'>minus</span> <span class='ocrx_word' id='word_1_142' title='bbox 917 1083 1132 1124; x_wconf 88' lang='lat' dir='ltr'>honestati</span> <span class='ocrx_word' id='word_1_143' title='bbox 1155 1083 1222 1123; x_wconf 86' lang='lat' dir='ltr'>vel</span> <span class='ocrx_word' id='word_1_144' title='bbox 1243 1081 1473 1137; x_wconf 88' lang='lat' dir='ltr'>episcopali</span> <span class='ocrx_word' id='word_1_145' title='bbox 1497 1080 1758 1136; x_wconf 84' lang='lat' dir='ltr'>susceptioni</span> 
     </span>
     <span class='ocr_line' id='line_1_18' title="bbox 220 1140 1758 1194; baseline -0.006 -7"><span class='ocrx_word' id='word_1_146' title='bbox 220 1145 382 1187; x_wconf 81' lang='lat' dir='ltr'>fecerat</span> <span class='ocrx_word' id='word_1_147' title='bbox 403 1145 574 1194; x_wconf 82' lang='lat' dir='ltr'>idonea,</span> <span class='ocrx_word' id='word_1_148' title='bbox 598 1141 839 1184; x_wconf 87' lang='lat' dir='ltr'>habitacula</span> <span class='ocrx_word' id='word_1_149' title='bbox 860 1140 1040 1191; x_wconf 86' lang='lat' dir='ltr'>diversa,</span> <span class='ocrx_word' id='word_1_150' title='bbox 1061 1150 1103 1182; x_wconf 91' lang='lat' dir='ltr'>et</span> <span class='ocrx_word' id='word_1_151' title='bbox 1117 1140 1157 1180; x_wconf 93' lang='lat' dir='ltr'>in</span> <span class='ocrx_word' id='word_1_152' title='bbox 1176 1140 1340 1181; x_wconf 90' lang='lat' dir='ltr'>sullime</span> <span class='ocrx_word' id='word_1_153' title='bbox 1358 1148 1513 1189; x_wconf 87' lang='lat' dir='ltr'>erecta,</span> <span class='ocrx_word' id='word_1_154' title='bbox 1533 1148 1758 1180; x_wconf 86' lang='lat' dir='ltr'>construx-</span> 
     </span>
     <span class='ocr_line' id='line_1_19' title="bbox 221 1197 1758 1253; baseline -0.005 -8"><span class='ocrx_word' id='word_1_155' title='bbox 221 1203 283 1251; x_wconf 85' lang='lat' dir='ltr'>it;</span> <span class='ocrx_word' id='word_1_156' title='bbox 315 1204 550 1245; x_wconf 86' lang='lat' dir='ltr'>maximum</span> <span class='ocrx_word' id='word_1_157' title='bbox 577 1201 659 1242; x_wconf 94' lang='lat' dir='ltr'>hoc</span> <span class='ocrx_word' id='word_1_158' title='bbox 689 1215 780 1241; x_wconf 89' lang='lat' dir='ltr'>esse</span> <span class='ocrx_word' id='word_1_159' title='bbox 801 1214 937 1253; x_wconf 89' lang='lat' dir='ltr'>genus</span> <span class='ocrx_word' id='word_1_160' title='bbox 970 1198 1183 1239; x_wconf 85' lang='lat' dir='ltr'>aestimans</span> <span class='ocrx_word' id='word_1_161' title='bbox 1205 1197 1442 1253; x_wconf 83' lang='lat' dir='ltr'>probitatis,</span> <span class='ocrx_word' id='word_1_162' title='bbox 1465 1197 1624 1238; x_wconf 86' lang='lat' dir='ltr'>nullam</span> <span class='ocrx_word' id='word_1_163' title='bbox 1659 1197 1758 1248; x_wconf 51' lang='lat' dir='ltr'>[hoa</span> 
     </span>
     <span class='ocr_line' id='line_1_20' title="bbox 219 1254 1756 1318; baseline -0.005 -16"><span class='ocrx_word' id='word_1_164' title='bbox 219 1260 336 1318; x_wconf 92' lang='lat' dir='ltr'>rum]</span> <span class='ocrx_word' id='word_1_165' title='bbox 386 1259 567 1316; x_wconf 90' lang='lat' dir='ltr'>posteris</span> <span class='ocrx_word' id='word_1_166' title='bbox 608 1257 873 1299; x_wconf 87' lang='lat' dir='ltr'>occasionem</span> <span class='ocrx_word' id='word_1_167' title='bbox 913 1255 1133 1312; x_wconf 88' lang='lat' dir='ltr'>reliquisse</span> <span class='ocrx_word' id='word_1_168' title='bbox 1184 1255 1495 1296; x_wconf 88' lang='lat' dir='ltr'>sollicitudinis.</span> <span class='ocrx_word' id='word_1_169' title='bbox 1577 1254 1756 1310; x_wconf 77' lang='lat' dir='ltr'>[Neque</span> 
     </span>
     <span class='ocr_line' id='line_1_21' title="bbox 219 1312 1753 1373; baseline -0.005 -12"><span class='ocrx_word' id='word_1_170' title='bbox 219 1318 394 1360; x_wconf 87' lang='lat' dir='ltr'>minoris</span> <span class='ocrx_word' id='word_1_171' title='bbox 415 1316 563 1373; x_wconf 89' lang='lat' dir='ltr'>gloriae</span> <span class='ocrx_word' id='word_1_172' title='bbox 585 1324 696 1366; x_wconf 86' lang='lat' dir='ltr'>sunt,</span> <span class='ocrx_word' id='word_1_173' title='bbox 715 1330 812 1372; x_wconf 88' lang='lat' dir='ltr'>quae</span> <span class='ocrx_word' id='word_1_174' title='bbox 834 1313 1044 1364; x_wconf 87' lang='lat' dir='ltr'>nativitas,</span> <span class='ocrx_word' id='word_1_175' title='bbox 1068 1314 1136 1355; x_wconf 88' lang='lat' dir='ltr'>vel</span> <span class='ocrx_word' id='word_1_176' title='bbox 1156 1322 1320 1355; x_wconf 80' lang='lat' dir='ltr'>naturae</span> <span class='ocrx_word' id='word_1_177' title='bbox 1341 1313 1508 1355; x_wconf 90' lang='lat' dir='ltr'>bonitas</span> <span class='ocrx_word' id='word_1_178' title='bbox 1524 1312 1753 1367; x_wconf 80' lang='lat' dir='ltr'>impressit,</span> 
     </span>
     <span class='ocr_line' id='line_1_22' title="bbox 219 1370 1757 1433; baseline -0.005 -14"><span class='ocrx_word' id='word_1_179' title='bbox 219 1392 348 1433; x_wconf 87' lang='lat' dir='ltr'>quam</span> <span class='ocrx_word' id='word_1_180' title='bbox 370 1391 466 1433; x_wconf 85' lang='lat' dir='ltr'>quae</span> <span class='ocrx_word' id='word_1_181' title='bbox 488 1373 706 1431; x_wconf 87' lang='lat' dir='ltr'>dignitatis</span> <span class='ocrx_word' id='word_1_182' title='bbox 738 1372 975 1414; x_wconf 87' lang='lat' dir='ltr'>accidentia</span> <span class='ocrx_word' id='word_1_183' title='bbox 996 1372 1217 1415; x_wconf 89' lang='lat' dir='ltr'>concessit.</span> <span class='ocrx_word' id='word_1_184' title='bbox 1281 1370 1564 1427; x_wconf 84' lang='lat' dir='ltr'>Ingenuitatis</span> <span class='ocrx_word' id='word_1_185' title='bbox 1587 1371 1757 1425; x_wconf 88' lang='lat' dir='ltr'>imperi-</span> 
     </span>
     <span class='ocr_line' id='line_1_23' title="bbox 221 1428 1758 1486; baseline -0.005 -10"><span class='ocrx_word' id='word_1_186' title='bbox 221 1450 290 1475; x_wconf 92' lang='lat' dir='ltr'>um</span> <span class='ocrx_word' id='word_1_187' title='bbox 313 1434 366 1476; x_wconf 89' lang='lat' dir='ltr'>ad</span> <span class='ocrx_word' id='word_1_188' title='bbox 389 1449 433 1475; x_wconf 89' lang='lat' dir='ltr'>se</span> <span class='ocrx_word' id='word_1_189' title='bbox 453 1433 637 1474; x_wconf 85' lang='lat' dir='ltr'>fortunae</span> <span class='ocrx_word' id='word_1_190' title='bbox 668 1432 810 1486; x_wconf 85' lang='lat' dir='ltr'>coegit</span> <span class='ocrx_word' id='word_1_191' title='bbox 842 1429 1134 1486; x_wconf 88' lang='lat' dir='ltr'>obsequium.]</span> <span class='ocrx_word' id='word_1_192' title='bbox 1199 1430 1304 1470; x_wconf 83' lang='lat' dir='ltr'>Erat</span> <span class='ocrx_word' id='word_1_193' title='bbox 1341 1429 1403 1470; x_wconf 87' lang='lat' dir='ltr'>vir</span> <span class='ocrx_word' id='word_1_194' title='bbox 1433 1428 1613 1478; x_wconf 88' lang='lat' dir='ltr'>consilii,</span> <span class='ocrx_word' id='word_1_195' title='bbox 1649 1438 1758 1469; x_wconf 90' lang='lat' dir='ltr'>tem-</span> 
     </span>
     <span class='ocr_line' id='line_1_24' title="bbox 219 1487 1758 1547; baseline -0.004 -14"><span class='ocrx_word' id='word_1_196' title='bbox 219 1492 425 1547; x_wconf 83' lang='lat' dir='ltr'>perantiae</span> <span class='ocrx_word' id='word_1_197' title='bbox 447 1490 600 1540; x_wconf 90' lang='lat' dir='ltr'>cultor,</span> <span class='ocrx_word' id='word_1_198' title='bbox 634 1498 678 1531; x_wconf 91' lang='lat' dir='ltr'>et</span> <span class='ocrx_word' id='word_1_199' title='bbox 709 1497 876 1530; x_wconf 88' lang='lat' dir='ltr'>amator</span> <span class='ocrx_word' id='word_1_200' title='bbox 906 1488 1160 1542; x_wconf 83' lang='lat' dir='ltr'>prudentiae,</span> <span class='ocrx_word' id='word_1_201' title='bbox 1201 1487 1417 1542; x_wconf 88' lang='lat' dir='ltr'>probitate</span> <span class='ocrx_word' id='word_1_202' title='bbox 1452 1487 1635 1528; x_wconf 80' lang='lat' dir='ltr'>edoctus</span> <span class='ocrx_word' id='word_1_203' title='bbox 1669 1501 1758 1527; x_wconf 87' lang='lat' dir='ltr'>ma-</span> 
     </span>
     <span class='ocr_line' id='line_1_25' title="bbox 219 1544 1757 1604; baseline -0.005 -13"><span class='ocrx_word' id='word_1_204' title='bbox 219 1550 351 1604; x_wconf 88' lang='lat' dir='ltr'>gistra</span> <span class='ocrx_word' id='word_1_205' title='bbox 371 1548 633 1591; x_wconf 84' lang='lat' dir='ltr'>celsitudinis</span> <span class='ocrx_word' id='word_1_206' title='bbox 649 1548 817 1588; x_wconf 89' lang='lat' dir='ltr'>culmen</span> <span class='ocrx_word' id='word_1_207' title='bbox 837 1554 1055 1601; x_wconf 89' lang='lat' dir='ltr'>appetere,</span> <span class='ocrx_word' id='word_1_208' title='bbox 1088 1546 1271 1601; x_wconf 86' lang='lat' dir='ltr'>aequales</span> <span class='ocrx_word' id='word_1_209' title='bbox 1293 1544 1525 1586; x_wconf 90' lang='lat' dir='ltr'>honoribus</span> <span class='ocrx_word' id='word_1_210' title='bbox 1544 1553 1757 1586; x_wconf 86' lang='lat' dir='ltr'>transcen-</span> 
     </span>
     <span class='ocr_line' id='line_1_26' title="bbox 222 1603 1757 1660; baseline -0.004 -11"><span class='ocrx_word' id='word_1_211' title='bbox 222 1608 336 1657; x_wconf 87' lang='lat' dir='ltr'>dere,</span> <span class='ocrx_word' id='word_1_212' title='bbox 380 1607 626 1648; x_wconf 89' lang='lat' dir='ltr'>societatem</span> <span class='ocrx_word' id='word_1_213' title='bbox 668 1603 856 1646; x_wconf 86' lang='lat' dir='ltr'>omnium</span> <span class='ocrx_word' id='word_1_214' title='bbox 899 1603 1107 1645; x_wconf 89' lang='lat' dir='ltr'>libertatis</span> <span class='ocrx_word' id='word_1_215' title='bbox 1148 1603 1433 1660; x_wconf 83' lang='lat' dir='ltr'>praerogativa</span> <span class='ocrx_word' id='word_1_216' title='bbox 1474 1603 1667 1652; x_wconf 87' lang='lat' dir='ltr'>transire,</span> <span class='ocrx_word' id='word_1_217' title='bbox 1711 1611 1757 1643; x_wconf 88' lang='lat' dir='ltr'>et</span> 
     </span>
     <span class='ocr_line' id='line_1_27' title="bbox 221 1660 1755 1718; baseline -0.005 -11"><span class='ocrx_word' id='word_1_218' title='bbox 221 1674 371 1707; x_wconf 88' lang='lat' dir='ltr'>contra</span> <span class='ocrx_word' id='word_1_219' title='bbox 390 1666 658 1718; x_wconf 86' lang='lat' dir='ltr'>insurgentes</span> <span class='ocrx_word' id='word_1_220' title='bbox 679 1662 894 1718; x_wconf 88' lang='lat' dir='ltr'>potentias</span> <span class='ocrx_word' id='word_1_221' title='bbox 916 1661 1067 1716; x_wconf 84' lang='lat' dir='ltr'>rigoris</span> <span class='ocrx_word' id='word_1_222' title='bbox 1089 1661 1274 1702; x_wconf 89' lang='lat' dir='ltr'>frontem</span> <span class='ocrx_word' id='word_1_223' title='bbox 1293 1661 1469 1717; x_wconf 73' lang='lat' dir='ltr'>erigere.</span> <span class='ocrx_word' id='word_1_224' title='bbox 1526 1661 1617 1716; x_wconf 93' lang='lat' dir='ltr'>[Ab</span> <span class='ocrx_word' id='word_1_225' title='bbox 1635 1660 1755 1701; x_wconf 89' lang='lat' dir='ltr'>initio</span> 
     </span>
     <span class='ocr_line' id='line_1_28' title="bbox 221 1718 1757 1776; baseline -0.004 -12"><span class='ocrx_word' id='word_1_226' title='bbox 221 1723 353 1764; x_wconf 87' lang='lat' dir='ltr'>crevit</span> <span class='ocrx_word' id='word_1_227' title='bbox 374 1738 517 1764; x_wconf 88' lang='lat' dir='ltr'>secum</span> <span class='ocrx_word' id='word_1_228' title='bbox 536 1722 776 1776; x_wconf 83' lang='lat' dir='ltr'>prudentia,</span> <span class='ocrx_word' id='word_1_229' title='bbox 801 1735 826 1761; x_wconf 89' lang='lat' dir='ltr'>a</span> <span class='ocrx_word' id='word_1_230' title='bbox 846 1735 970 1761; x_wconf 88' lang='lat' dir='ltr'>mane</span> <span class='ocrx_word' id='word_1_231' title='bbox 992 1734 1125 1775; x_wconf 86' lang='lat' dir='ltr'>usque</span> <span class='ocrx_word' id='word_1_232' title='bbox 1147 1719 1201 1760; x_wconf 91' lang='lat' dir='ltr'>ad</span> <span class='ocrx_word' id='word_1_233' title='bbox 1223 1734 1442 1774; x_wconf 87' lang='lat' dir='ltr'>vesperam</span> <span class='ocrx_word' id='word_1_234' title='bbox 1465 1733 1560 1760; x_wconf 89' lang='lat' dir='ltr'>cum</span> <span class='ocrx_word' id='word_1_235' title='bbox 1583 1718 1655 1759; x_wconf 89' lang='lat' dir='ltr'>illo</span> <span class='ocrx_word' id='word_1_236' title='bbox 1673 1718 1757 1759; x_wconf 80' lang='lat' dir='ltr'>dis-</span> 
     </span>
     <span class='ocr_line' id='line_1_29' title="bbox 221 1776 1755 1836; baseline -0.003 -14"><span class='ocrx_word' id='word_1_237' title='bbox 221 1796 386 1836; x_wconf 88' lang='lat' dir='ltr'>ponens</span> <span class='ocrx_word' id='word_1_238' title='bbox 422 1780 653 1828; x_wconf 57' lang='lat' dir='ltr'>universa]</span> <span class='ocrx_word' id='word_1_239' title='bbox 717 1779 768 1820; x_wconf 89' lang='lat' dir='ltr'>In</span> <span class='ocrx_word' id='word_1_240' title='bbox 806 1778 1004 1819; x_wconf 91' lang='lat' dir='ltr'>omnibus</span> <span class='ocrx_word' id='word_1_241' title='bbox 1040 1777 1101 1819; x_wconf 87' lang='lat' dir='ltr'>ita</span> <span class='ocrx_word' id='word_1_242' title='bbox 1137 1776 1411 1831; x_wconf 82' lang='lat' dir='ltr'>compositus,</span> <span class='ocrx_word' id='word_1_243' title='bbox 1445 1786 1492 1818; x_wconf 89' lang='lat' dir='ltr'>ut</span> <span class='ocrx_word' id='word_1_244' title='bbox 1524 1791 1604 1817; x_wconf 89' lang='lat' dir='ltr'>nec</span> <span class='ocrx_word' id='word_1_245' title='bbox 1637 1785 1755 1818; x_wconf 79' lang='lat' dir='ltr'>veste</span> 
     </span>
     <span class='ocr_line' id='line_1_30' title="bbox 221 1834 1755 1883; baseline -0.003 -3"><span class='ocrx_word' id='word_1_246' title='bbox 221 1841 457 1880; x_wconf 88' lang='lat' dir='ltr'>intuentem</span> <span class='ocrx_word' id='word_1_247' title='bbox 500 1837 750 1879; x_wconf 88' lang='lat' dir='ltr'>offenderet.</span> <span class='ocrx_word' id='word_1_248' title='bbox 816 1835 988 1876; x_wconf 88' lang='lat' dir='ltr'>Divitiis</span> <span class='ocrx_word' id='word_1_249' title='bbox 1040 1835 1227 1876; x_wconf 85' lang='lat' dir='ltr'>sociabat</span> <span class='ocrx_word' id='word_1_250' title='bbox 1282 1834 1520 1883; x_wconf 88' lang='lat' dir='ltr'>audaciam,</span> <span class='ocrx_word' id='word_1_251' title='bbox 1567 1834 1755 1876; x_wconf 82' lang='lat' dir='ltr'>scientiae</span> 
     </span>
     <span class='ocr_line' id='line_1_31' title="bbox 222 1892 1754 1951; baseline -0.003 -14"><span class='ocrx_word' id='word_1_252' title='bbox 222 1897 523 1951; x_wconf 88' lang='lat' dir='ltr'>eloquentiam,</span> <span class='ocrx_word' id='word_1_253' title='bbox 547 1905 594 1937; x_wconf 91' lang='lat' dir='ltr'>ut</span> <span class='ocrx_word' id='word_1_254' title='bbox 615 1904 672 1945; x_wconf 88' lang='lat' dir='ltr'>et,</span> <span class='ocrx_word' id='word_1_255' title='bbox 705 1904 886 1949; x_wconf 86' lang='lat' dir='ltr'>utraque</span> <span class='ocrx_word' id='word_1_256' title='bbox 922 1893 1124 1943; x_wconf 86' lang='lat' dir='ltr'>munitus,</span> <span class='ocrx_word' id='word_1_257' title='bbox 1155 1892 1476 1949; x_wconf 88' lang='lat' dir='ltr'>obloquentium</span> <span class='ocrx_word' id='word_1_258' title='bbox 1500 1892 1666 1945; x_wconf 77' lang='lat' dir='ltr'>linguas</span> <span class='ocrx_word' id='word_1_259' title='bbox 1688 1907 1754 1933; x_wconf 89' lang='lat' dir='ltr'>re-</span> 
     </span>
     <span class='ocr_line' id='line_1_32' title="bbox 225 1950 1754 2005; baseline -0.002 -10"><span class='ocrx_word' id='word_1_260' title='bbox 225 1954 437 2003; x_wconf 86' lang='lat' dir='ltr'>tunderet,</span> <span class='ocrx_word' id='word_1_261' title='bbox 471 1961 515 1994; x_wconf 89' lang='lat' dir='ltr'>et</span> <span class='ocrx_word' id='word_1_262' title='bbox 555 1953 756 1994; x_wconf 86' lang='lat' dir='ltr'>virtutem</span> <span class='ocrx_word' id='word_1_263' title='bbox 788 1951 968 1992; x_wconf 87' lang='lat' dir='ltr'>elideret</span> <span class='ocrx_word' id='word_1_264' title='bbox 990 1951 1225 1992; x_wconf 89' lang='lat' dir='ltr'>adversam.</span> <span class='ocrx_word' id='word_1_265' title='bbox 1290 1951 1487 2005; x_wconf 89' lang='lat' dir='ltr'>Cumque</span> <span class='ocrx_word' id='word_1_266' title='bbox 1509 1950 1754 1992; x_wconf 88' lang='lat' dir='ltr'>innumeros</span> 
     </span>
     <span class='ocr_line' id='line_1_33' title="bbox 220 2008 1754 2067; baseline -0.003 -15"><span class='ocrx_word' id='word_1_267' title='bbox 220 2027 303 2067; x_wconf 88' lang='lat' dir='ltr'>pro</span> <span class='ocrx_word' id='word_1_268' title='bbox 336 2011 493 2052; x_wconf 80' lang='lat' dir='ltr'>tuenda</span> <span class='ocrx_word' id='word_1_269' title='bbox 513 2011 711 2052; x_wconf 86' lang='lat' dir='ltr'>libertate</span> <span class='ocrx_word' id='word_1_270' title='bbox 746 2009 936 2051; x_wconf 80' lang='lat' dir='ltr'>ecclesiae</span> <span class='ocrx_word' id='word_1_271' title='bbox 971 2009 1197 2050; x_wconf 88' lang='lat' dir='ltr'>sustineret</span> <span class='ocrx_word' id='word_1_272' title='bbox 1234 2023 1496 2063; x_wconf 86' lang='lat' dir='ltr'>congressus,</span> <span class='ocrx_word' id='word_1_273' title='bbox 1528 2008 1754 2062; x_wconf 89' lang='lat' dir='ltr'>praeclaros</span> 
     </span>
     <span class='ocr_line' id='line_1_34' title="bbox 223 2065 1755 2124; baseline -0.003 -14"><span class='ocrx_word' id='word_1_274' title='bbox 223 2084 391 2124; x_wconf 89' lang='lat' dir='ltr'>semper</span> <span class='ocrx_word' id='word_1_275' title='bbox 425 2068 584 2109; x_wconf 91' lang='lat' dir='ltr'>nomini</span> <span class='ocrx_word' id='word_1_276' title='bbox 625 2083 702 2109; x_wconf 92' lang='lat' dir='ltr'>suo</span> <span class='ocrx_word' id='word_1_277' title='bbox 743 2067 890 2108; x_wconf 87' lang='lat' dir='ltr'>titulos</span> <span class='ocrx_word' id='word_1_278' title='bbox 921 2067 1166 2121; x_wconf 86' lang='lat' dir='ltr'>reportabat</span> <span class='ocrx_word' id='word_1_279' title='bbox 1201 2065 1382 2115; x_wconf 83' lang='lat' dir='ltr'>illaesus;</span> <span class='ocrx_word' id='word_1_280' title='bbox 1433 2066 1627 2121; x_wconf 83' lang='lat' dir='ltr'>adeoque</span> <span class='ocrx_word' id='word_1_281' title='bbox 1662 2065 1755 2119; x_wconf 81' lang='lat' dir='ltr'>jus-</span> 
     </span>
     <span class='ocr_line' id='line_1_35' title="bbox 223 2123 1754 2179; baseline -0.003 -12"><span class='ocrx_word' id='word_1_282' title='bbox 223 2127 333 2168; x_wconf 86' lang='lat' dir='ltr'>ticiae</span> <span class='ocrx_word' id='word_1_283' title='bbox 355 2128 396 2167; x_wconf 92' lang='lat' dir='ltr'>in</span> <span class='ocrx_word' id='word_1_284' title='bbox 421 2127 590 2167; x_wconf 87' lang='lat' dir='ltr'>tuendis</span> <span class='ocrx_word' id='word_1_285' title='bbox 621 2126 757 2167; x_wconf 90' lang='lat' dir='ltr'>zelum</span> <span class='ocrx_word' id='word_1_286' title='bbox 792 2136 836 2166; x_wconf 87' lang='lat' dir='ltr'>et</span> <span class='ocrx_word' id='word_1_287' title='bbox 865 2124 1097 2166; x_wconf 86' lang='lat' dir='ltr'>nobilitatis</span> <span class='ocrx_word' id='word_1_288' title='bbox 1129 2124 1171 2164; x_wconf 92' lang='lat' dir='ltr'>in</span> <span class='ocrx_word' id='word_1_289' title='bbox 1200 2123 1442 2178; x_wconf 85' lang='lat' dir='ltr'>amplianda</span> <span class='ocrx_word' id='word_1_290' title='bbox 1472 2124 1609 2179; x_wconf 86' lang='lat' dir='ltr'>gloria</span> <span class='ocrx_word' id='word_1_291' title='bbox 1630 2137 1754 2164; x_wconf 86' lang='lat' dir='ltr'>exer-</span> 
     </span>
     <span class='ocr_line' id='line_1_36' title="bbox 222 2180 1753 2238; baseline -0.003 -13"><span class='ocrx_word' id='word_1_292' title='bbox 222 2185 346 2226; x_wconf 84' lang='lat' dir='ltr'>cebat</span> <span class='ocrx_word' id='word_1_293' title='bbox 387 2185 617 2238; x_wconf 87' lang='lat' dir='ltr'>ingenium,</span> <span class='ocrx_word' id='word_1_294' title='bbox 671 2192 718 2224; x_wconf 87' lang='lat' dir='ltr'>ut</span> <span class='ocrx_word' id='word_1_295' title='bbox 759 2183 990 2224; x_wconf 87' lang='lat' dir='ltr'>multorum</span> <span class='ocrx_word' id='word_1_296' title='bbox 1027 2185 1070 2223; x_wconf 89' lang='lat' dir='ltr'>in</span> <span class='ocrx_word' id='word_1_297' title='bbox 1113 2196 1157 2222; x_wconf 88' lang='lat' dir='ltr'>se</span> <span class='ocrx_word' id='word_1_298' title='bbox 1198 2181 1373 2222; x_wconf 87' lang='lat' dir='ltr'>livorem</span> <span class='ocrx_word' id='word_1_299' title='bbox 1416 2181 1638 2230; x_wconf 85' lang='lat' dir='ltr'>excitaret,</span> <span class='ocrx_word' id='word_1_300' title='bbox 1681 2180 1753 2237; x_wconf 89' lang='lat' dir='ltr'>qui</span> 
     </span>
     <span class='ocr_line' id='line_1_37' title="bbox 222 2238 1753 2295; baseline -0.001 -13"><span class='ocrx_word' id='word_1_301' title='bbox 222 2242 419 2294; x_wconf 86' lang='lat' dir='ltr'>[mentis]</span> <span class='ocrx_word' id='word_1_302' title='bbox 450 2241 743 2285; x_wconf 84' lang='lat' dir='ltr'>fortitudinem</span> <span class='ocrx_word' id='word_1_303' title='bbox 784 2241 978 2283; x_wconf 87' lang='lat' dir='ltr'>dicerent</span> <span class='ocrx_word' id='word_1_304' title='bbox 1018 2239 1145 2282; x_wconf 85' lang='lat' dir='ltr'>fuisse</span> <span class='ocrx_word' id='word_1_305' title='bbox 1183 2239 1464 2295; x_wconf 88' lang='lat' dir='ltr'>tyrannidem,</span> <span class='ocrx_word' id='word_1_306' title='bbox 1508 2248 1550 2280; x_wconf 86' lang='lat' dir='ltr'>et</span> <span class='ocrx_word' id='word_1_307' title='bbox 1586 2238 1753 2294; x_wconf 82' lang='lat' dir='ltr'>copi-am</span> 
     </span>
     <span class='ocr_line' id='line_1_38' title="bbox 221 2300 462 2344; baseline 0.012 -3"><span class='ocrx_word' id='word_1_308' title='bbox 221 2300 462 2344; x_wconf 84' lang='lat' dir='ltr'>elationem.</span> 
     </span>
    </p>
   </div>
  </div>
 </body>
</html>
