1807 2962
166 61 298 109 CXCVl
475 74 610 106 HIST.
639 71 876 104 DUNELM.
905 72 1212 104 SCRIPTORES
1240 72 1382 104 TRES.

165 190 209 223 et
241 182 412 223 fidelem
446 180 768 237 inquisicionem
799 178 974 229 faciatis,
999 194 1047 219 ac
1079 178 1134 219 de
1166 178 1283 218 omni
1312 193 1365 220 eo
1388 181 1503 235 quod
1524 179 1566 221 in
1589 195 1697 235 prae-

165 240 299 281 missis
335 239 518 282 feceritis
552 247 596 280 et
632 237 875 278 inveneritis
906 251 998 286 nOS,
1032 245 1107 276 aut
1147 235 1327 277 alterum
1364 249 1568 288 nostrum,
1592 239 1699 281 citra

165 297 279 340 diem
315 297 512 339 marcurii
552 296 748 351 proxime
787 303 884 349 post
919 293 1191 335 Dominicam
1228 309 1313 349 qua
1343 304 1537 336 cantatur
1563 298 1699 348 Quasi

165 353 281 398 modo
305 359 433 409 yeniti
468 354 706 409 proximam
738 353 938 401 futuram,
963 351 1173 400 distincte,
1208 360 1368 405 aperte,
1392 361 1435 393 et
1457 355 1696 396 auctentice

167 414 321 455 curetis
358 413 534 455 reddere
570 411 785 453 certiores.
848 410 966 450 Data.
1003 409 1222 458 Dunelmi,
1246 410 1323 450 sub
1346 410 1485 465 sigillo
1507 427 1592 467 quo
1615 412 1698 453 uti-

167 487 262 513 mur
298 471 341 512 in
378 471 457 512 hac
487 480 637 526 parte3
670 470 819 525 quinto
851 467 919 509 die
944 467 1118 522 Aprilis,
1140 481 1252 508 anno
1276 467 1451 509 Domini
1474 470 1697 512 millesimo

169 534 316 571 ccccmo
340 537 476 571 sexto.

330 837 482 865 CLXIX.
516 836 733 864 LICENCIA
757 835 950 862 HENRICI
976 834 1147 866 QUARTI
1172 836 1229 862 AD
1254 836 1533 864 ELI—GENDUM

795 892 1070 920 EPISCOPUM.

504 970 619 1013 [Cart.
636 972 711 1004 III.
728 971 751 1003 f.
768 973 844 1003 233.
862 969 892 1003 b.
911 970 1007 1013 Orig.
1024 972 1055 1001 2.
1072 973 1102 1001 5.
1121 968 1241 1013 Regal.
1256 970 1297 1002 E.
1320 971 1364 1014 1.]

229 1047 446 1089 Henricus
486 1046 570 1088 Dei
606 1048 749 1102 gracia
786 1047 882 1088 Rex
918 1046 1088 1103 Angliae
1120 1054 1162 1087 et
1197 1046 1388 1089 Franciae
1419 1055 1464 1089 et
1488 1047 1700 1091 Dominus

170 1105 392 1147 Hiberniae
426 1104 593 1146 dilectis
626 1105 704 1146 sibi
741 1105 784 1145 in
819 1104 990 1147 Christo
1026 1103 1163 1144 Priori
1194 1113 1236 1145 et
1271 1105 1512 1147 Conventui
1533 1107 1699 1149 Dunel-

166 1162 303 1204 mensi
337 1164 532 1203 salutem.
599 1163 668 1203 Ex
700 1171 823 1218 parte
855 1171 991 1204 vestra
1013 1161 1134 1203 nobis
1163 1170 1227 1203 est
1250 1163 1467 1204 humiliter
1487 1166 1699 1220 supplica-

167 1230 270 1270 tum,
305 1220 435 1276 quod,
465 1235 561 1261 cum
584 1220 762 1262 ecclesia
784 1229 920 1261 vestra
939 1220 1144 1274 praedicta
1166 1235 1243 1274 per
1264 1231 1444 1263 mortem
1464 1222 1589 1263 bonae
1610 1238 1700 1265 me-

165 1279 313 1320 moriae
351 1278 534 1319 Wal'teri
571 1278 709 1319 ultimi
748 1278 950 1333 Episcopi
981 1277 1064 1319 loci
1097 1277 1208 1318 illius
1245 1279 1421 1333 pastoris
1458 1279 1511 1321 sit
1541 1281 1699 1322 solacio

167 1337 384 1385 destituta,
418 1336 544 1377 alium
575 1337 693 1377 vobis
716 1336 902 1392 eligendi
923 1336 965 1376 in
991 1335 1252 1390 Episcopum
1274 1346 1316 1378 et
1336 1345 1550 1392 pastorem
1571 1338 1701 1380 licen-

167 1395 274 1435 ciam
298 1394 415 1435 vobis
436 1394 671 1436 concedere
693 1394 982 1451 dignaremur.
1047 1393 1151 1443 Nos,
1172 1394 1365 1448 precibus
1387 1396 1533 1436 vestris
1555 1393 1597 1437 in
1620 1397 1699 1439 hae

167 1461 290 1507 parte
323 1452 611 1493 favorabiliter
631 1452 834 1502 inclinati,
858 1451 1075 1493 licenciam
1097 1451 1212 1492 illam
1234 1452 1355 1493 vobis
1378 1453 1578 1495 duximus
1600 1469 1702 1495 con-

168 1510 403 1552 cedendam
422 1526 432 1550 :
464 1511 717 1551 mandantes
750 1510 864 1566 quod
891 1510 1021 1551 talem
1042 1508 1162 1550 vobis
1185 1509 1347 1564 eligatis
1369 1512 1413 1552 in
1437 1512 1700 1567 Episcopum

167 1576 210 1610 et
244 1577 469 1622 pastorem,
508 1568 594 1624 qui,
635 1568 734 1609 Deo
771 1568 966 1617 devotus,
1006 1566 1199 1608 ecclesiae
1237 1577 1386 1609 vestrae
1422 1571 1698 1620 necessarius,

167 1626 372 1682 vobisque
404 1633 448 1667 et
478 1641 613 1683 regno
644 1636 790 1667 nostro
822 1625 936 1666 utilis
968 1635 1011 1667 et
1031 1624 1168 1666 fidelis
1190 1624 1360 1668 existat.
1424 1627 1476 1668 In
1498 1628 1616 1683 cujus
1637 1628 1699 1669 rei

167 1684 460 1725 testimonium
491 1684 567 1725 has
597 1684 756 1725 litteras
786 1693 954 1725 nostras
984 1682 1075 1723 fieri
1098 1682 1275 1724 fecimus
1295 1693 1503 1739 patentes,
1566 1685 1699 1727 Teste

165 1756 235 1782 me·
265 1741 358 1796 ipso
394 1741 510 1795 apud
546 1741 981 1792 westmonasterium,
1017 1755 1104 1781 xxv
1137 1740 1206 1782 die
1239 1742 1410 1797 Aprilis,
1445 1758 1557 1785 anno
1578 1744 1699 1798 regni

167 1800 300 1841 nostri
322 1798 518 1855 septimo.
584 1799 847 1844 Gaunstede.

289 2070 422 2098 chx.
465 2070 838 2098 INSTRUMENTUM
881 2071 940 2098 DE
983 2071 1164 2098 VEREDA
1207 2072 1263 2099 ET
1305 2072 1440 2104 EQUIS
1485 2074 1582 2102 CUM

289 2129 408 2156 ΤΟΤΟ
444 2129 679 2156 APPARATU
718 2129 958 2156 LIBERATIS
993 2129 1216 2157 SACRISTAE
1249 2130 1459 2160 DUNELM.
1491 2132 1584 2159 PRO

290 2186 563 2214 MORTUARIO
588 2186 795 2214 WALTERI
820 2187 1025 2215 EPISCOPI
1049 2187 1258 2215 DUNELM.

745 2280 841 2320 [Lib.
859 2282 1016 2314 Sacristae
1032 2281 1055 2314 f.
1072 2285 1122 2326 4.]

236 2374 284 2416 In
310 2374 393 2416 Dei
414 2373 585 2415 nomine
611 2373 762 2415 Amen.
826 2375 910 2417 Per
929 2391 1116 2431 praesens
1137 2377 1354 2433 publicum
1371 2377 1698 2422 instrumentum

174 2440 341 2474 constet
371 2432 564 2473 omnibus
592 2431 810 2473 manifeste
841 2434 957 2489 quod
986 2449 1100 2476 anno
1128 2436 1181 2476 ab
1203 2435 1499 2479 incarnacione
1521 2437 1699 2479 Domini

173 2491 405 2532 secundum
437 2504 604 2531 cursum
625 2499 669 2531 et
690 2491 1060 2546 computacionem
1082 2493 1271 2535 ecclesiae
1295 2495 1542 2549 Anglicanae
1564 2496 1699 2537 mille-

173 2547 279 2589 simo
312 2562 423 2589 cccc
455 2555 578 2589 sexto
611 2574 663 2579 ——
695 2548 846 2589 mensis
878 2549 976 2590 maii
1008 2551 1077 2591 die
1104 2551 1283 2606 septimo
1304 2577 1361 2584 --
1381 2553 1598 2594 reverendi
1621 2553 1697 2595 viri

172 2605 362 2660 magistri
396 2605 585 2646 Thomas
611 2605 784 2647 Weston
806 2607 1129 2650 archidiaconus
1152 2609 1463 2659 Dunelmensis‚
1491 2610 1697 2652 Ricardus

176 2663 351 2713 Holme,
385 2662 601 2704 Johannes
628 2662 854 2719 Hildyard‚
878 2665 1035 2716 clerici,
1059 2676 1103 2708 et
1127 2667 1279 2709 Petrus
1301 2668 1354 2709 de
1375 2668 1519 2724 l’Hay,
1543 2683 1697 2710 execu-

174 2729 301 2774 torm,
336 2729 381 2765 ut
403 2721 682 2775 asserebatur,
705 2721 830 2765 bonae
851 2725 1068 2769 memoriae
1090 2724 1250 2769 domini
1279 2725 1448 2770 Walteri
1474 2726 1695 2779 Skirlawe,
