1807 2962
473 90 738 131 ROBERTUS
776 89 842 128 DE
881 84 1221 128 onAYsTANEs.
1537 81 1597 121 51

9 199 36 267 [
73 204 168 245 ricis
186 204 283 254 suis,
304 204 344 245 in
363 219 530 245 camera
543 219 631 251 sua,
649 204 707 245 sic
726 203 810 252 ait3
831 209 857 229 “
875 202 1005 252 Quod
1021 217 1103 257 ego
1119 201 1300 242 veni-rem
1322 198 1598 246 Dunehnnm,

72 271 246 317 propter
281 262 586 317 professionem
612 271 790 302 vestram
814 276 954 301 coram
979 275 1045 300 me
1069 258 1340 306 recitandam,
1358 257 1484 310 juxta
1517 255 1601 294 sor*

71 334 181 360 mam
217 320 360 361 nescio
393 335 519 375 quam
548 320 640 360 heri
672 319 841 367 factam,
874 333 950 358 nec
974 318 1045 358 ubi
1078 317 1342 356 observatam
1366 328 1449 353 non
1475 312 1598 352 vide-0

71 376 294 418 rationem.»
357 377 421 418 Ut
456 377 557 433 quid
592 376 702 418 enim
735 386 891 430 starem
925 375 978 416 ad
1013 375 1157 422 altare,
1181 382 1344 428 partem
1368 369 1492 411 officii
1517 368 1598 409 mei

71 434 282 485 faciendo,
315 444 359 475 et
380 444 541 489 partem
565 431 818 483 omittendo,
844 432 996 474 derisio
1018 442 1126 472 esset
1150 428 1275 471 mihi:
1310 429 1385 486 sed
1406 428 1439 468 si
1460 427 1598 469 velitis

71 492 223 542 facere,
242 501 372 547 prout
386 492 625 533 continetur
639 492 679 532 in
694 490 1037 539 benedictionali,
1057 488 1204 529 dicatis
1220 487 1337 535 mihi3
1352 487 1414 526 si‘n
1434 494 1592 533 autem,

71 564 154 590 non
192 564 345 605 ponam
380 549 435 590 ibi
475 549 640 602 pedem,
664 551 765 604 quia
786 548 919 589 forma
941 548 1058 588 nulla
1080 557 1155 594 est,
1181 555 1223 586 et
1246 553 1394 586 contra
1415 543 1595 583 formam

71 607 312 648 universa-lis
358 606 590 650 ecclesiae.'’
672 605 1047 661 Respondentibus
1089 604 1265 653 nunciis,
1308 602 1423 658 quod
1467 600 1595 641 nichil

72 665 249 705 ulterius·
288 665 503 706 audebant
541 663 804 718 promittere,
844 677 971 718 quam
1014 663 1074 702 eis
1115 670 1207 702 erat
1248 661 1499 715 injunctum,
1543 673 1595 697 ea

68 722 211 772 etiam,
245 738 341 778 quae
378 722 464 776 ipse
497 721 693 776 postulat,
731 735 815 762 non
838 729 955 761 erant
978 719 1031 760 de
1052 718 1289 759 substantia
1310 716 1593 771 professionis,

68 781 145 821 sed
177 781 313 820 solum
349 783 568 835 solempne
602 788 760 828 votum,
795 778 911 835 quod
943 792 1087 818 coram
1118 776 1263 817 Priore.
1286 776 1526 822 emiserant,
1550 783 1594 813 et

67 852 214 878 coram
249 853 301 879 eo
337 839 489 878 iterare
529 839 664 892 parati
707 846 829 877 erant
846 843 860 884 ς’
903 842 1090 875 “verum
1133 834 1238 884 est,''
1274 832 1423 888 inquit,
1459 838 1594 872 “non

68 901 133 936 est
154 895 208 936 de
230 895 479 944 substantia,
501 895 576 935 sed
597 894 652 935 de
674 895 782 935 bene
802 909 907 943 esse,
932 902 973 934 et
997 893 1215 933 honestate
1232 889 1527 945 professioni&
1550 899 1594 929 et

67 953 182 1007 quod
203 968 284 1007 ego
301 953 539 994 omitterem
558 967 621 1002 ea,
641 967 735 1008 qnae
753 960 851 992 sunt
870 950 1114 1000 honestatis,
1132 950 1315 990 maxime
1330 948 1368 988 in
1386 947 1475 996 hiis,
1496 962 1592 1002 quae

67 1010 123 1050 ad
154 1010 339 1051 officium
369 1025 509 1051 meum
541 1010 771 1064 pertinent,
797 1024 880 1050 non
912 1009 1097 1056 deceret,
1120 1022 1197 1047 nec
1220 1006 1385 1048 faciam.
1450 1004 1593 1046 Testis

69 1079 134 1109 est
164 1068 266 1108 mihi
291 1068 422 1117 Deus,
453 1068 567 1123 quod
589 1082 673 1108 non
697 1067 824 1123 exigo
846 1066 927 1107 hoc
948 1065 1025 1105 nisi
1050 1071 1224 1120 propter
1245 1065 1471 1118 puritatem
1494 1077 1594 1103 con-

66 1125 259 1166 scientiae
296 1134 446 1166 vestrae
477 1134 524 1166 et
557 1139 675 1175 meae,
714 1134 759 1165 ut
790 1123 917 1165 etiam
948 1123 1060 1164 scitis
1091 1122 1250 1163 habiles
1272 1131 1316 1162 et
1337 1121 1479 1177 quales
1502 1135 1593 1161 esse

69 1182 249 1223 debetis.
316 1183 517 1224 Redeatis
549 1195 667 1236 ergo,
705 1190 747 1223 et
774 1194 856 1236 ego
893 1180 1054 1222 mittam
1087 1180 1301 1220 vobiscum
1332 1179 1506 1220 fratrem
1533 1179 1587 1220 R.

69 1239 123 1281 de
162 1240 358 1290 Barneb‘i,
397 1240 652 1281 confratrem
687 1248 903 1287 vestrum;
941 1253 1015 1292 per
1050 1237 1184 1292 ipsum
1205 1236 1469 1292 ‚remandetis
1488 1235 1592 1275 mihi

70 1297 330 1339 voluntatem
357 1298 605 1339 Conventus
624 1313 634 1338 t
664 1298 772 1338 bene
795 1297 883 1338 scio
905 1296 1020 1351 quod
1041 1294 1238 1350 superbia
1254 1293 1470 1335 seniorum
1492 1293 1593 1334 facit

70 1363 222 1396 totum.
288 1357 476 1397 Juvenes
513 1355 622 1396 enim
660 1354 819 1395 faciunt
850 1353 1051 1409 quicquid
1085 1355 1144 1394 eis
1181 1351 1308 1393 fuerit
1339 1352 1589 1407 injunctum,

67 1412 145 1453 sed
166 1412 350 1454 seniores
366 1428 451 1453 non
474 1413 740 1468 permittunt.
804 1412 880 1453 Isti
901 1421 999 1452 sunt
1019 1410 1174 1451 similes
1196 1410 1463 1464 magnatibus
1485 1408 1592 1448 mul-

69 1471 138 1519 tis,
182 1472 267 1526 qui,
310 1485 407 1511 cum
441 1479 616 1525 prop-ter
652 1470 818 1524 culpam
860 1483 975 1509 suam
1019 1468 1393 1517 excommunicati,
1431 1467 1591 1507 debent

68 1527 257 1568 ecclesiae
293 1528 548 1578 satisfacere,
585 1537 813 1583 antequam
851 1525 1135 1576 absolvantur,
1162 1525 1309 1566 volunt
1337 1525 1453 1581 quod
1474 1523 1592 1565 satis-

70 1584 200 1626 factio
236 1586 557 1640 praeordinetur,
596 1584 828 1626 secundum
867 1584 1130 1624 voluntatem
1171 1598 1331 1632 eorum,
1367 1593 1411 1624 et
1442 1582 1592 1622 volunt

69 1651 182 1682 stare
212 1642 376 1696 judici-o
410 1643 613 1683 ecclesiae.
692 1642 842 1692 Immo,
880 1641 912 1681 si
951 1641 1051 1697 quid
1086 1640 1143 1681 eis
1185 1640 1424 1694 injunctum
1465 1639 1592 1680 fuerit

70 1708 219 1740 contra
255 1701 528 1749 voluntatem,
564 1699 711 1740 dicunt
744 1714 788 1739 se
820 1699 946 1740 malle
982 1697 1371 1739 excommunicatos
1401 1711 1591 1746 manere,

69 1771 194 1811 quam
231 1758 315 1798 tale
347 1757 449 1812 quid
481 1759 633 1798 facere.
700 1757 757 1797 Et
793 1756 874 1797 hoc
908 1757 1067 1797 habent
1087 1770 1113 1796 a
1133 1755 1318 1805 diabolo,
1343 1755 1441 1811 quia
1462 1755 1593 1795 homo

69 1814 319 1856 christianus
356 1815 486 1855 debet
516 1829 680 1868 semper
712 1814 821 1854 velle
854 1814 970 1869 quod
1005 1813 1125 1854 Deus
1156 1813 1261 1863 vult,
1295 1822 1339 1854 et
1375 1813 1510 1853 honor
1531 1820 1594 1853 est

68 1871 298 1913 christiano
327 1872 556 1913 secun—dum
588 1880 745 1913 statuta
772 1871 961 1912 ecclesiae
983 1870 1134 1920 vivere,
1157 1878 1199 1911 et
1220 1870 1593 1911 excommunicato

71 1938 180 1969 esset
200 1929 337 1970 honor
352 1944 493 1971 coram
518 1938 609 1970 toto
627 1929 789 1970 mundo
807 1928 945 1969 facere
959 1928 1075 1984 quod
1090 1928 1266 1968 ecclesia
1286 1927 1595 1968 rationabiliter

70 1986 261 2041 praecipit
297 1987 360 2028 vel
392 1987 606 2042 requirit.''
669 1987 739 2028 Ad
772 1986 864 2027 haec
896 1985 1069 2041 quidam
1099 1985 1153 2026 de
1189 1985 1364 2036 clericis,
1401 1991 1428 2012 “
1446 1986 1591 2034 Certe,

69 2043 256 2094 domine,
285 2060 357 2084 vos
390 2045 553 2085 debetis
587 2044 753 2085 deferre
774 2043 1047 2085 senioribuS.''
1114 2042 1170 2084 Et
1191 2044 1292 2098 ipse,
1316 2042 1434 2098 quasi
1456 2043 1594 2096 indig-

71 2110 235 2151 nanter,
271 2102 373 2142 “Et
407 2117 487 2155 ego
521 2101 774 2156 dispensabo
806 2116 899 2142 cum
930 2100 1181 2150 senioribus,
1216 2108 1259 2141 et
1289 2101 1381 2141 aliis
1403 2100 1457 2141 de
1481 2101 1596 2142 Con-

71 2166 215 2208 ventu,
240 2166 284 2199 ut
306 2159 381 2213 ipsi
403 2159 568 2200 veniant
588 2161 629 2198 in
644 2159 806 2207 habi-tu,
825 2159 899 2198 sed
916 2157 987 2207 illi,
1007 2157 1109 2198 mihi
1127 2158 1199 2213 qui
1213 2167 1312 2198 sunt
1326 2157 1368 2197 in
1386 2158 1592 2206 custodia,

70 2215 232 2256 faciunt
263 2224 309 2256 ut
342 2224 404 2257 est
439 2216 640 2259 dicn1m.''
719 2217 776 2257 Et
807 2216 947 2256 clerici
978 2215 1297 2256 acclamabant:
1331 2221 1359 2241 ‘⁶
1379 2215 1594 2256 Satisfacit

69 2272 264 2313 dominus
297 2288 374 2327 pro
411 2274 677 2314 Conventu.''
744 2272 901 2314 Nuncii
938 2287 1037 2313 vero
1057 2272 1376 2327 respondenteS,
1399 2287 1442 2313 se
1463 2271 1592 2313 nichil

70 2329 246 2392 ulterius
268 2345 387 2384 posse
411 2331 559 2381 facere,
580 2339 855 2381 recesserunt,
875 2338 916 2371 et
934 2330 1128 2371 dominus
1148 2330 1203 2370 R.
1221 2329 1274 2371 de
1296 2330 1477 2371 Barncbi
1492 2345 1590 2371 cuni

67 2399 142 2426 eis.
