1807 2962
219 94 369 141 cclxvi
539 110 670 143 HisT.
698 110 931 143 DUNELM.
960 112 1259 144 SCRIPTORES
1284 112 1420 144 TRES.

219 216 416 272 signatas.
480 217 596 260 Data
632 218 852 269 Dunelmi,
897 228 1049 275 quarto
1100 218 1168 260 die
1218 219 1373 260 mensis
1426 218 1597 274 Aprilis,
1635 233 1745 261 anno

221 273 398 316 Domini
421 280 505 316 ΜΪῃο
527 276 946 332 quadringentesimo
967 276 1291 333 quadragesimo
1312 276 1462 349 primo.

356 586 535 616 CCXXVI.
571 586 788 615 LICENCIA
810 585 1005 615 EUGENII
1030 574 1131 614 1111ti
1156 586 1382 615 CONCESSA
1404 586 1610 615 JOHANNI

657 645 743 673 OLL
766 645 825 673 DE
849 645 1016 673 ALTARI
1040 645 1304 675 PORTATILI.

800 722 911 764 [Cart.
930 723 1004 755 111.
1017 721 1042 756 f.
1063 722 1154 763 197.]

278 800 495 855 Eugenius
529 801 781 855 Episcopus,
816 815 959 841 servus
996 814 1211 840 servorum
1247 799 1346 849 Dei,
1371 800 1526 841 dilecto
1557 798 1645 840 filio
1666 800 1743 841 Jo-

217 857 346 899 hanni
373 858 456 908 Oll,
482 858 619 899 Priori
646 858 861 899 Prioratus
885 857 1189 899 conventualis
1212 857 1266 898 de
1291 858 1606 912 Coldyngham,
1630 858 1743 898 ordi-

217 915 283 956 nis
305 916 439 957 sancti
460 915 695 965 Benedicti,
720 915 852 957 sancti
876 916 1065 956 Andreae
1096 915 1328 964 dioceseos,
1353 916 1531 956 salutem
1558 926 1601 956 et
1621 930 1745 969 apos-

218 973 389 1014 tolicam
410 973 772 1015 benediccionem.
848 974 1033 1015 Sincerae
1055 972 1302 1013 devocionis
1325 973 1515 1023 affectus,
1539 988 1666 1029 quem
1688 973 1744 1013 ad

216 1045 295 1072 nos
317 1039 361 1072 et
386 1032 623 1072 Romanam
641 1045 762 1084 geras
779 1030 1016 1079 ecclesiam,
1040 1045 1126 1071 non
1149 1029 1322 1086 indigne
1345 1040 1543 1081 meretur,
1568 1039 1614 1071 ut
1636 1031 1745 1085 peti-

217 1088 408 1130 cionibus
431 1089 527 1139 tuis,
551 1087 630 1129 illis
652 1088 890 1143 praesertim
914 1103 1016 1144 quas
1038 1102 1093 1129 ex
1115 1087 1356 1129 devocionis
1378 1088 1546 1129 fervore
1572 1088 1743 1143 prodire

216 1146 512 1201 conspicimus,
536 1155 740 1202 quantum
773 1161 870 1187 cum
902 1146 1002 1187 Deo
1032 1160 1269 1201 possumus,
1302 1146 1590 1187 favmabiiiter
1610 1161 1744 1187 annu-

217 1218 349 1244 amus.
385 1204 501 1245 Hinc
524 1214 588 1245 est
609 1205 725 1259 quod
748 1219 838 1253 nOS,
855 1203 934 1245 tuis
956 1204 1121 1245 devotis
1139 1203 1524 1258 supplicacionibus
1542 1203 1743 1253 inclinati,

218 1261 307 1311 tibi,
331 1262 417 1317 qui,
442 1271 488 1303 ut
521 1277 683 1307 asseris
706 1262 929 1318 presbyter
964 1270 1007 1303 et
1045 1262 1098 1303 de
1131 1261 1263 1302 nobili
1304 1277 1460 1316 genere
1495 1270 1744 1327 piNocleatus

216 1319 374 1369 existis,
398 1319 523 1362 liceat
543 1320 700 1362 habere
732 1321 864 1362 altare
896 1320 1110 1375 portatile,
1133 1335 1230 1360 curn
1252 1320 1397 1361 debita
1427 1320 1672 1361 revelencia
1701 1329 1744 1360 et

215 1377 392 1426 honore,
423 1393 550 1434 super
571 1393 671 1434 quo,
702 1380 744 1419 in
779 1378 883 1419 locis
920 1378 973 1419 ad
1005 1379 1087 1419 hoc
1119 1378 1449 1434 congruentibus
1473 1386 1516 1418 et
1537 1377 1742 1427 honestis,

213 1435 349 1490 possis
385 1450 462 1490 per
497 1444 555 1486 te,
580 1436 649 1476 vel
679 1437 809 1477 alium
842 1436 1106 1477 sacerdotem
1137 1436 1367 1492 ydoneum,
1391 1435 1559 1476 missam
1591 1445 1633 1476 et
1661 1436 1744 1477 alia

215 1493 377 1534 Divina
397 1494 536 1535 officia
567 1494 656 1535 sine
685 1493 792 1549 juris
824 1493 948 1535 alieni
982 1493 1229 1549 praejudicio
1250 1494 1293 1534 in
1315 1503 1387 1535 tua
1408 1503 1450 1534 et
1471 1492 1743 1534 familiarium

213 1559 384 1592 tuorum
416 1552 748 1593 domesticorum
782 1552 1013 1607 praesencia
1043 1552 1270 1601 celebrare,
1295 1560 1338 1592 et
1360 1553 1498 1592 facere
1521 1551 1740 1601 celebrari,

214 1609 432 1650 devotioni
454 1619 539 1651 tuae
562 1618 712 1651 tenore
734 1610 1014 1664 praesencium
1037 1609 1321 1664 indulgemus.
1386 1608 1504 1649 Nulli
1527 1624 1630 1663 ergo
1652 1624 1743 1649 om-

213 1666 314 1707 nino
347 1667 563 1708 hominum
598 1668 723 1709 liceat
756 1668 865 1708 hanc
887 1670 1087 1722 paginam
1110 1676 1268 1708 nostrae
1290 1667 1573 1708 concessionis
1596 1666 1742 1706 infrin-

213 1738 328 1777 gere,
352 1732 423 1769 etc.
505 1726 624 1768 Data
649 1726 814 1776 Romae,
831 1740 944 1767 anno
971 1725 1144 1766 Domini
1171 1727 1295 1775 1444,
1318 1724 1586 1780 pontificatus
1608 1724 1742 1766 nostri

211 1795 325 1822 anno
352 1785 418 1824 14.

333 2037 528 2066 CCXXVII.
552 2039 820 2067 ASSIGNACIO
844 2040 1131 2068 PROVISIONIS
1155 2041 1384 2069 JOHANNIS
1408 2040 1626 2069 WESS‘ING-

589 2097 681 2124 TON
707 2097 891 2125 PRIORIS
915 2098 1254 2126 DUNELMENSIS·

796 2191 902 2235 [neg
919 2190 986 2224 1v
1003 2191 1059 2224 foi.
1078 2193 1152 2235 29]

273 2282 484 2325 Noverint
506 2283 603 2324 univ
608 2284 703 2334 ersi,
728 2292 960 2339 praesentes
991 2283 1132 2325 literas
1165 2284 1392 2339 inspecturi
1414 2285 1528 2341 quod
1553 2300 1642 2335 nos,
1667 2285 1741 2327 Jo-

212 2340 383 2406 lianneS,
411 2342 630 2396 Supprior,
650 2351 694 2383 et
716 2341 961 2396 capitulum,
981 2342 1170 2383 ecclesiae
1188 2342 1455 2384 Cathedralis
1475 2343 1741 2383 Dunelmen-

211 2399 279 2448 sis,
303 2400 569 2440 attendentes
602 2400 766 2441 labores
796 2400 988 2440 efficaces
1020 2408 1062 2440 et
1085 2400 1223 2450 utileS,
1248 2415 1353 2455 quos
1374 2400 1587 2441 Johannes
1613 2401 1742 2441 Wes-

211 2465 409 2521 syngton,
434 2471 572 2511 nuper
597 2457 665 2498 Ρ1
657 2472 720 2497 101·
742 2465 884 2498 noster
905 2466 948 2497 et
970 2467 1115 2512 pastor
1136 2458 1344 2514 eonegius,
1368 2457 1577 2499 indefesso
1599 2457 1740 2499 studio

212 2523 253 2552 et
276 2513 371 2567 jugi
408 2513 635 2568 vigilancia
668 2529 743 2568 per
776 2528 887 2554 XXIX
925 2529 1057 2555 annos
1092 2523 1135 2555 et
1172 2515 1393 2555 dimidium
1426 2529 1503 2581 pio
1540 2514 1736 2564 utilitate,

212 2570 469 2621 direct-ione,
509 2581 551 2612 et
591 2572 916 2612 conseivacione
958 2572 1118 2612 ordinis
1147 2572 1381 2622 monastici,
1419 2572 1661 2627 juriumque
1695 2581 1739 2613 et

213 2625 456 2669 libeltatum
480 2628 605 2670 dictae
627 2629 816 2670 ecclesie
851 2629 1131 2679 cathedralis,
1152 2644 1233 2670 non
1257 2631 1344 2670 sine
1367 2643 1519 2682 magna
1539 2629 1739 2669 sollicitu-

213 2683 311 2723 dine
343 2695 385 2726 et
421 2685 632 2726 liboribns
669 2686 866 2735 studiosis,
891 2686 1132 2739 sapissime,
1165 2696 1210 2726 ut
1240 2696 1302 2727 est
1335 2696 1498 2734 notum,
1524 2685 1736 2735 sustinuit,

212 2741 362 2782 eadem
390 2744 488 2797 jura
521 2751 563 2783 ct
600 2743 815 2784 libertates
853 2744 905 2784 ab
941 2743 1163 2785 insultibus
1188 2743 1425 2785 volentium
1442 2745 1660 2797 insurgere
1683 2758 1737 2783 ex
