1807 2962
192 110 357 159 cxcviii
498 126 633 158 Η15Τ.
661 126 897 158 DUNLLM.
928 126 1235 158 sempronsss
1263 127 1401 158 111135.

193 232 413 290 siquidem,
435 234 563 275 bonae
595 235 812 276 memoriae
836 234 1066 276 Walthero
1088 234 1287 289 episcopo
1311 232 1593 275 Dunelmensi‘
1610 233 1721 289 regi-

194 292 297 333 mini
338 292 635 333 Dunelmensis
669 292 859 334 ecclesiae
891 293 1147 347 presidente,
1192 291 1297 342 Nos,
1333 291 1551 346 cupientes
1580 293 1719 333 eidem

194 350 384 391 ecclesiae
406 365 502 392 cum
525 350 637 391 illam
662 365 810 392 vacare
833 350 1101 404 contingeret
1125 365 1200 405 per
1221 350 1468 405 apostolicae
1490 349 1602 391 sedis
1623 365 1721 405 pro·-

193 407 429 450 videnciam
452 408 600 449 utilem
626 417 667 449 et
688 409 900 463 ydoneam
923 408 1150 464 praesidere
1172 422 1411 463 personam,
1436 407 1720 462 provisionem

194 465 326 531 ipsius
358 466 547 507 ecclesiae
580 466 836 508 ordinationi
875 475 918 508 et
949 466 1215 521 dispositioni
1252 477 1408 507 nostrae
1440 466 1639 506 duximus
1671 480 1723 507 ea

197 523 287 565 vice
329 525 566 579 specialiter
606 524 919 575 reservandam,
956 525 1233 566 decernentes
1274 533 1432 564 extunc
1473 522 1640 563 irritum
1680 532 1722 564 et

193 581 334 647 inane,
372 582 404 622 si
437 597 556 623 secus
588 597 716 637 super
749 582 825 623 hiis
859 597 933 638 pei
959 596 1250 646 quoscunque,
1284 581 1429 637 quavis
1451 580 1719 631 auctoritate,

193 640 375 681 scienter
388 640 479 681 vel
470 650 712 695 ignoranter
728 641 992 695 contingelet
1007 639 1264 694 attemptari.
1314 638 1587 680 Postmodum
1605 653 1722 688 vero,

196 698 374 752 praefata
404 699 578 740 ecclesia
606 712 682 753 per
703 675 899 740 obitumo'
888 699 1015 754 ipsius
1042 699 1101 739 W
1105 697 1257 739 altheri
1280 697 1481 762 episcopi,
1506 697 1577 752 qui
1600 705 1723 738 extra

197 755 434 797 Romanam
468 756 625 797 curiam
657 757 766 797 diem
799 757 949 798 clausit
979 767 1232 806 extremum,
1256 754 1432 809 pastmis
1454 755 1604 795 solatio
1627 754 1722 796 des-

195 813 335 864 tituta,
359 829 436 855 nos
459 814 675 855 vacatione
697 814 938 869 hujusmodi
962 813 1185 868 fidedignis
1202 812 1403 854 relatibus
1420 812 1648 861 intellecta,
1665 812 1721 854 ad

193 872 475 927 provisionem
514 872 643 927 ipsius
676 872 864 914 ecclesiae
898 872 1080 913 celerem
1113 881 1155 912 et
1185 871 1363 920 felicem,
1388 870 1441 911 de
1472 885 1557 925 qua
1577 870 1718 911 nullus

194 939 349 984 praeter
379 945 455 971 nos
487 930 566 971 hac
594 930 683 970 vice
705 945 748 971 se
770 930 1051 971 intromittere
1074 928 1226 983 potuit,
1251 928 1336 969 sive
1359 936 1510 982 potest,
1534 942 1722 969 reserva-

193 987 310 1029 tione
333 997 374 1029 et
397 989 569 1029 decreto
591 987 891 1029 obsistentibus
913 986 1178 1042 supradictis,
1202 1001 1254 1027 ne
1277 985 1453 1026 ecclesia
1475 986 1563 1040 ipsa
1580 985 1721 1039 longae

192 1045 426 1087 vacationis
454 1055 741 1100 exponeretur
775 1044 1067 1095 incommodis,
1103 1043 1288 1098 paternis
1310 1052 1351 1085 et
1371 1042 1545 1084 solicitis
1567 1044 1717 1085 studiis

192 1103 476 1154 intendentes,
511 1112 606 1159 post
643 1103 996 1144 deliberacionem
1031 1117 1156 1158 quam
1188 1103 1243 1143 de
1275 1101 1549 1156 praeficiendo
1580 1100 1717 1142 eidem

192 1161 381 1203 ecclesiae
416 1176 637 1216 personam
673 1161 820 1201 utilem
859 1169 902 1202 et
934 1161 1192 1201 fructuosam
1224 1174 1320 1201 cum
1351 1159 1548 1200 fratribus
1570 1159 1720 1200 nostris

191 1219 413 1260 habuimus
445 1219 707 1273 diligentem,
741 1219 909 1259 demum
942 1219 995 1259 ad
1019 1229 1072 1268 te,
1098 1219 1318 1259 Decanum
1342 1217 1533 1258 ecclesiae
1557 1217 1720 1258 Ebora-

191 1277 338 1327 censis,
373 1277 416 1317 in
451 1278 768 1332 presbyteratus
800 1277 950 1318 ordine
971 1278 1264 1326 constitutum,
1288 1276 1523 1317 litterarum
1546 1274 1721 1316 scientia

188 1336 432 1390 praeditum,
467 1335 566 1377 vitae
597 1350 645 1376 ac
678 1350 841 1376 morum
873 1335 1098 1376 honestate
1127 1334 1346 1384 decorum,
1371 1333 1412 1373 in
1434 1332 1720 1388 spiritualibus

189 1393 428 1448 providum,
468 1403 510 1434 et
543 1393 584 1434 in
619 1393 920 1447 temporalibus
948 1393 1314 1447 circumspectum,
1337 1406 1386 1432 ac
1408 1391 1496 1432 aliis
1518 1390 1720 1446 multipli-

190 1466 286 1492 cum
319 1451 520 1492 virtutum
542 1451 679 1500 donis,
707 1461 829 1506 prout
856 1451 1167 1504 fidedignorum
1190 1449 1439 1491 testimoniis
1462 1450 1716 1504 accepimus,

188 1509 446 1564 insignitum,
482 1510 712 1550 dileximus
747 1510 890 1550 oculos
927 1519 1083 1550 nostrae
1125 1509 1305 1557 mentis3
1337 1507 1489 1563 quibus
1522 1506 1718 1548 omnibus

189 1568 335 1609 debita
369 1567 649 1609 meditacione
683 1567 880 1622 pensatis,
916 1568 969 1608 de
1001 1582 1185 1622 pelsona
1220 1576 1294 1607 tua
1326 1566 1446 1606 nobis
1479 1574 1522 1607 et
1559 1565 1717 1606 eisdem

189 1626 402 1677 fratribus,
439 1627 494 1666 ob
528 1626 736 1666 dictorum
770 1635 937 1666 tuorum
971 1625 1228 1679 exigentiam
1262 1624 1509 1665 meritorum
1527 1632 1716 1677 accepta,

190 1684 329 1725 eidem
363 1683 553 1725 ecclesiae
577 1683 855 1725 Dunelmensi
879 1684 962 1724 de'
953 1698 1137 1738 ipsorum
1160 1683 1336 1724 fratrum
1359 1681 1548 1732 consilio,
1573 1690 1719 1722 aucto-

187 1742 313 1783 ritate
332 1742 563 1797 apostolica
579 1741 844 1796 providemus
861 1757 871 1790 3
909 1751 1034 1797 teque
1052 1740 1110 1781 illi
1124 1740 1378 1796 praeficimus
1396 1741 1437 1780 in
1458 1739 1717 1795 Episcopum

189 1809 232 1840 et
263 1809 495 1865 pastorem,
529 1814 671 1841 curam
695 1808 736 1840 et
757 1799 1200 1840 administracionem
1192 1814 1318 1853 ipsuis
1341 1798 1530 1839 ecclesiae
1553 1797 1719 1838 Dunel—

189 1858 343 1898 mensis
376 1857 451 1899 tibi
483 1858 523 1897 111
547 1857 833 1921 spiritualibus
856 1866 897 1897 et
920 1856 1220 1911 temporalibus
1243 1856 1426 1910 plenarie
1448 1855 1715 1896 committen-

187 1917 270 1964 do;
296 1916 335 1956 111
356 1915 441 1964 1110,
461 1914 532 1970 qui
550 1915 623 1955 dat
644 1914 802 1970 gratias
825 1924 867 1955 et
890 1915 1064 1968 largitur
1085 1914 1272 1968 111-30111111,
1291 1913 1568 1962 confidentes,
1584 1913 1713 1968 quod,

186 1948 397 2027 diligente
422 1971 623 2036 Domino,
647 1981 765 2012 actus
788 1981 895 2021 tuos,
920 1972 1097 2026 praefata
1119 1970 1419 2012 Dunelmensis
1441 1970 1617 2011 ecclesia
1638 1971 1715 2011 sub

188 2006 409 2072 111οῧ161101
446 2029 668 2083 legimine,
712 2029 887 2070 dextera
923 2029 1097 2070 Domini
1140 2029 1215 2069 tibi
1256 2028 1473 2093 assistente
1514 2028 1712 2094 propitia,

188 2098 363 2145 τοσθῖιιι·
385 2088 538 2129 utiliter
560 2096 602 2128 et
624 2102 826 2142 prospere
848 2087 1066 2143 dirigetur,
1090 2102 1137 2128 ac
1160 2095 1280 2141 grata
1302 2085 1343 2126 111
1366 2086 1522 2127 eisdem
1545 2085 1715 2141 spiritu-

187 2127 321 2189 alibus
368 2155 410 2187 et
452 2144 751 2199 temporalibus
793 2145 991 2200 suscipiet
1032 2144 1305 2186 incrementa.
1386 2144 1542 2198 Jugum
1586 2143 1715 2208 igitul

191 2204 368 2248 Domini
398 2204 479 2246 tuis
512 2203 750 2258 impositum
775 2203 959 2244 humeris
987 2212 1188 2258 plompta
1208 2176 1468 2243 devocione²3
1463 2200 1707 2256 suscipiens,

188 2279 331 2305 curam
364 2271 407 2304 et
428 2260 841 2303 administraciouem
864 2261 1086 2316 praedictas
1107 2261 1164 2302 sic
1187 2274 1386 2301 exercere
1410 2259 1592 2308 studeas,
1616 2259 1711 2300 soli-

185 2324 283 2372 cite,
317 2321 512 2369 fideliter,
541 2330 583 2360 et
604 2318 851 2374 prudenter,
876 2319 991 2375 quod
1015 2319 1102 2374 ipsa
1123 2318 1298 2359 ecclesia
1319 2318 1594 2382 gubernatori
1617 2332 1714 2372 pro-

187 2380 286 2421 vido
319 2394 367 2421 ac
403 2379 622 2419 fructuoso
651 2377 982 2418 administratori
1004 2376 1189 2431 gaudeat
1211 2391 1254 2417 se
1277 2375 1555 2424 commissam,
1581 2384 1711 2430 tuque

185 2447 341 2493 piwaetet
377 2446 535 2478 eternae
571 2435 865 2477 retribucionis
900 2435 1118 2489 praemium
1152 2443 1340 2475 nostram
1377 2442 1420 2474 et
1454 2432 1580 2474 dictae
1601 2432 1710 2473 sedis

181 2494 526 2537 benedictionem
558 2502 600 2534 et
632 2493 811 2550 glatiam
852 2493 1005 2535 exinde
1047 2492 1218 2534 uberius
1257 2490 1457 2546 consequi
1498 2490 1707 2533 merearis

184 2554 301 2594 1)311
336 2553 499 2603 Romae,
523 2529 658 2606 apud&
665 2551 867 2593 Sanctum
893 2552 1079 2602 Petrum,
1105 2565 1137 2591 11
1162 2550 1254 2591 idus
1291 2548 1412 2600 Maii,
1437 2547 1709 2603 pontificatus

183 2626 259 2651 110
266 2611 315 2652 tri
338 2626 450 2653 anno
474 2609 673 2652 secundo.
