1807 2962
175 106 267 153 ΠΒ
511 114 645 146 HIST.
673 112 909 145 DUNELM.
938 109 1245 143 SCRIPTORES
1271 109 1410 142 TRE&

295 449 393 482 CAP,
428 447 585 478 XLVIII.
650 446 706 473 DE
732 443 1099 472 CONDITIONIBUS
1123 442 1353 475 LUDOWICI
1378 441 1584 477 EPISCOPJ

745 503 802 530 ET
823 502 983 529 MORTE
1006 502 1130 532 EJUS.

732 595 829 629 sius.
846 595 931 639 Cap.
1007 594 1066 628 sol.
1083 595 1178 636 221]

261 695 364 736 Erat
399 694 477 734 iste
510 689 766 733 Ludowicus
800 703 1048 744 generosuS,
1081 687 1181 744 quia
1211 688 1265 729 de
1297 688 1501 743 sanguine
1538 688 1705 744 Regum

182 753 375 794 Franciae
406 761 450 793 et
484 749 678 797 Ciciliae3
712 747 819 789 facie
854 757 1073 796 venustus,
1105 746 1178 787 sed
1215 746 1368 787 debilis
1391 746 1583 801 pedibus,
1607 747 1708 803 quia

179 822 360 866 utroque
377 809 487 865 pede
509 806 775 854 claudicans3
797 804 969 860 dapsilis
985 804 1122 854 nimis,
1147 804 1204 845 ita
1220 813 1267 845 ut
1289 819 1313 845 a
1334 804 1475 845 multis
1492 805 1708 846 diceretur

178 869 408 924 prodigus3
449 867 503 907 ad
544 865 786 922 habendum
828 862 1020 917 cupidus,
1062 862 1135 904 sed
1187 863 1241 903 de
1278 862 1408 903 modo
1457 862 1708 918 adquirendi

179 926 316 967 minus
339 923 533 966 curans*
600 923 793 965 Onerosa
814 920 926 962 enim
952 920 1108 961 familia
1129 935 1254 975 quam
1288 921 1476 970 tenebat,
1501 929 1543 961 et
1566 935 1708 975 sump-

178 995 244 1026 tus
268 982 469 1038 superflui
491 997 597 1037 quos
619 981 788 1034 agebat,
823 994 846 1019 a
868 978 1020 1033 quibus
1041 992 1118 1033 per
1138 978 1299 1018 nullum
1321 977 1543 1019 consilium
1564 977 1707 1033 potuit

178 1042 410 1088 refraenari,
449 1041 508 1080 ita
529 1038 764 1093 cupiditate
802 1036 1033 1081 affecerant
1065 1035 1251 1076 animum
1276 1035 1378 1089 ejus,
1427 1035 1543 1091 quod
1579 1035 1706 1079 nichil

177 1099 337 1141 dimisit
358 1098 472 1154 quod
493 1098 723 1151 [colorate]
753 1094 908 1137 habere
930 1102 1089 1148 posset.
1153 1092 1284 1133 Unde
1306 1092 1416 1133 dixit
1436 1092 1514 1133 sibi
1536 1093 1707 1149 quidam

178 1158 344 1211 sapiens
383 1155 498 1211 quod
521 1167 734 1208 uunquam
772 1151 875 1191 vidit
909 1150 1124 1190 hominem
1157 1149 1218 1190 ita
1249 1150 1450 1205 cupidum
1473 1150 1527 1192 ad
1549 1151 1708 1192 haben-

177 1216 293 1264 dum,
327 1223 371 1254 et
411 1213 472 1253 ita
506 1210 743 1266 improvide
766 1208 910 1249 habita
949 1207 1277 1261 dispensantem,
1343 1208 1526 1249 Causam
1567 1217 1708 1250 tamen

176 1272 365 1314 eeclesiae
408 1270 581 1310 viriliter
616 1267 702 1320 egit
738 1276 887 1307 contra
922 1265 1297 1320 Arc-hiepiscopum
1327 1280 1405 1319 pro
1436 1265 1632 1307 libertate
1663 1268 1709 1307 in

180 1328 530 1376 Allertonschire,
554 1334 706 1367 contra
731 1323 942 1365 Comitem
982 1324 1036 1363 de
1071 1323 1281 1379 Warwyk
1314 1338 1392 1377 pro
1417 1323 1570 1365 Castro
1603 1324 1708 1366 Ber-

178 1387 313 1435 nardi,
352 1395 501 1427 contra
544 1382 775 1425 Dominum
810 1381 908 1434 [de]
945 1380 1124 1424 Cliff'ord
1156 1396 1234 1435 pro
1280 1381 1573 1422 Herternesse.
1636 1382 1708 1423 Ad

177 1445 389 1500 sequelam
413 1443 524 1484 enim
548 1442 636 1496 ejus
658 1441 738 1481 fuit
759 1439 1020 1480 declaratum
1039 1439 1079 1479 iu
1104 1438 1391 1479 Parliamemo
1424 1438 1555 1492 Regis
1592 1441 1706 1495 quod

180 1503 416 1558 Episcopus
450 1497 749 1543 Dunelmensis
786 1497 914 1537 debet
946 1497 1104 1541 habere
1140 1495 1425 1537 forisfacturas
1459 1511 1707 1550 guerrarum

178 1561 286 1601 infra
326 1560 543 1600 libertates
587 1555 884 1611 Episcopatus,
926 1562 974 1594 ut
1018 1555 1114 1597 Rex
1161 1553 1292 1594 habet
1343 1563 1479 1595 extra.
1546 1555 1710 1596 Contra

177 1619 334 1670 [eciam
356 1616 575 1657 dominum
612 1613 877 1661 Johannem]
923 1612 1067 1668 Darcy
1088 1626 1166 1666 pro
1203 1611 1380 1652 ecclesia
1411 1613 1465 1652 de,
1499 1612 1710 1666 Symund-

179 1678 286 1717 born
309 1675 378 1715 diu
403 1672 609 1727 litigavit3
642 1671 717 1712 sed
737 1679 873 1711 morte
898 1679 1138 1724 praeventus
1161 1669 1288 1712 nichil
1309 1669 1460 1710 horum
1495 1670 1550 1710 ad
1581 1670 1710 1711 finem

178 1733 395 1790 perduxit.
463 1732 617 1773 Castus
651 1739 756 1774 erat,
779 1728 852 1768 sed
888 1727 1050 1773 laicus;
1084 1726 1283 1768 Latinum
1324 1742 1412 1767 non
1454 1726 1707 1781 intelligens,

180 1793 254 1833 sed
278 1806 374 1832 cum
397 1789 646 1831 difficultate
667 1785 969 1842 pronuncians,
1032 1784 1161 1826 Unde
1183 1799 1278 1826 curn
1316 1784 1358 1827 in
1392 1785 1710 1827 consecratione

180 1864 256 1890 sua
276 1848 469 1903 profiteri
489 1846 651 1894 debuit,
681 1844 872 1900 quamvis
895 1857 969 1897 per
991 1842 1146 1883 multos
1168 1842 1258 1883 dies
1279 1850 1376 1883 ante
1410 1842 1708 1884 instructorem

181 1905 409 1956 habuisset,
449 1905 591 1959 legere
632 1900 841 1948 nescivit3
896 1908 941 1941 et
980 1913 1077 1939 cum
1110 1899 1440 1940 auriculantibus
1482 1899 1572 1940 aliis
1612 1915 1710 1942 cum

181 1963 430 2007 difficultate
471 1961 523 2001 ad
562 1959 666 2000 illud
699 1958 876 1998 verbum
908 1957 1223 2008 Metropolitz'cae
1263 1956 1533 2010 pervenisset,
1572 1967 1616 1999 et
1637 1959 1710 1999 diu

182 2021 381 2062 anhelans
402 2017 682 2074 pronunciare
703 2029 787 2056 non
810 2025 965 2069 posset,
989 2014 1099 2055 dixit
1131 2013 1170 2053 in
1199 2014 1366 2056 Gallico
1388 2015 1484 2067 Scyt
1505 2029 1591 2067 pur
1608 2018 1709 2063 dite,

187 2078 426 2133 Stupebant
454 2090 601 2119 omnes
623 2075 957 2120 circumstantes,
982 2071 1177 2112 dolentes
1207 2072 1336 2113 talem
1370 2071 1410 2112 in
1453 2072 1710 2128 Episcopum

183 2135 532 2178 consecrandum.
600 2132 656 2172 Et
691 2145 787 2171 cum
821 2129 950 2170 semel
990 2129 1225 2170 celebraret
1255 2129 1455 2179 Ordines,
1499 2145 1577 2172 nec
1609 2131 1712 2172 illud

185 2195 360 2235 verbum
404 2196 446 2233 in
482 2193 695 2243 aenv‘qmate
747 2187 936 2241 proferre.
979 2196 1132 2240 posset,
1181 2186 1289 2228 dixit
1328 2187 1710 2239 circumstantibus,

184 2254 278 2292 Par
297 2253 421 2303 Seynt
441 2251 595 2296 Lowis,
629 2249 662 2287 il
680 2247 794 2298 nefa
810 2259 893 2298 pas
922 2250 1100 2296 curtam,
1132 2247 1204 2297 qui
1222 2251 1304 2285 cest
1327 2247 1474 2297 parole
1495 2248 1561 2298 icy
1575 2250 1710 2287 escrit.

187 2310 320 2358 Quasi
355 2322 429 2362 per
461 2315 597 2347 totum
621 2313 789 2357 tempus
821 2302 1090 2357 episcopatus
1123 2301 1186 2341 sui
1214 2301 1389 2352 studuit,
1418 2303 1634 2357 quomodo
1655 2304 1710 2344 de

189 2367 335 2408 Priore
352 2375 395 2406 et
414 2366 636 2406 Conventu
654 2362 873 2415 pecuniam
893 2368 1148 2414 extorquere
1167 2359 1347 2414 posset.†
1399 2359 1564 2401 Bullam
1585 2375 1711 2402 unam

186 2424 333 2466 habuit
355 2423 407 2463 ad
431 2419 749 2477 praeficiendum
774 2419 814 2458 iu
844 2417 1032 2457 Priorem
1057 2417 1394 2458 Dunelmensem
1418 2431 1712 2473 quemcunque

187 2484 240 2523 de
263 2483 392 2522 domo
415 2480 567 2526 vellet3
601 2477 725 2517 aliam
749 2475 803 2516 ad
834 2474 1078 2515 habendum
1101 2484 1294 2529 quartam
1318 2484 1479 2529 partem
1502 2475 1712 2516 bonorum

189 2540 407 2581 prioratus
444 2538 544 2579 dum
581 2549 733 2591 guerra
768 2532 924 2574 Scotiae
962 2531 1144 2572 duraret.
1209 2532 1293 2574 Sed
1317 2531 1416 2587 qula
1452 2532 1541 2573 istae
1576 2533 1714 2574 Bullae

188 2598 425 2651 impetratae
449 2603 568 2636 erant
593 2592 719 2633 tacita
757 2591 935 2630 veritate
958 2599 1000 2630 et
1021 2598 1219 2645 suggesta
1252 2589 1443 2638 falsitate,
1467 2590 1602 2631 noluit
1623 2594 1711 2646 ejus

190 2655 426 2696 Concilium
449 2655 507 2693 eis
533 2650 603 2691 uti.
672 2648 905 2690 Palel‘ridos
930 2651 991 2698 [et
1021 2646 1226 2699 exennia]
1249 2661 1353 2702 quos
1380 2647 1501 2687 Prior
1523 2648 1599 2689 sibi
1629 2653 1712 2689 tre-

424 2772 433 2780 *
465 2768 675 2798 Avprvmx
705 2763 768 2796 ΥΟ.
796 2773 897 2795 xcix,
921 2772 972 2794 cv.
1025 2766 1049 2804 †
1069 2763 1277 2795 Appmmx.
1298 2762 1364 2794 No.
1386 2772 1484 2794 xerx-
