1807 2962
210 80 272 128 liv
525 95 661 126 HIsT.
687 94 925 126 DUNELM.
955 93 1271 133 scmrroasss
1287 93 1426 124 rues.

209 201 495 243 Willielmum
529 200 787 242 concessisse
820 209 862 241 et
889 216 965 241 sua
985 210 1102 242 carta
1132 200 1402 241 confirmasse
1428 196 1739 255 [dona]ti·onem

208 258 398 300 ecclesiae
433 259 487 299 de
523 259 800 307 Tinemuffle,
835 273 963 313 quam
1002 258 1257 299 &Valthevus
1289 271 1429 297 comes
1460 255 1675 296 monachis
1697 256 1740 296 in

212 316 494 356 Dunelmeusi
531 315 709 356 ecclesia
741 316 841 357 Deo
872 324 916 356 et
947 316 1074 356 beato
1111 315 1354 357 Cuthberto
1382 321 1591 368 perpetuo
1612 315 1742 353 servi-

209 373 313 414 turis
336 374 449 422 fecit,
471 388 546 414 sua
564 401 886 414 .................
923 382 1132 427 perpetuo
1150 379 1393 413 anatemate
1410 370 1742 424 condempnavit

211 445 359 471 omnes
392 430 499 479 illos,
515 429 607 485 *qui
639 430 859 470 ecclesiam
883 429 938 470 de
962 430 1223 470 Tinemuthe
1245 429 1434 470 ecclesiae
1458 427 1742 468 Dunelmensi

211 487 378 529 auferre
410 488 583 542 quando
614 495 887 541 temptarent.
954 487 1034 528 His
1056 487 1210 528 auditis
1232 486 1444 540 allegabat
1466 500 1559 540 pars
1584 484 1744 526 Prioris

220 574 442 586 ............
482 544 554 584 illa
587 543 866 585 instrumenta
898 544 1068 595 publica
1101 560 1206 594 esse,
1240 552 1282 585 et
1314 558 1388 598 per
1409 557 1453 584 se
1474 543 1665 583 sufficere
1687 542 1744 583 ad

214 602 345 643 fidem
377 602 489 642 notis
523 601 576 642 de
609 601 869 655 possessione
900 601 1109 643 facienda.
1172 602 1236 644 Ut
1268 609 1408 642 tamen
1443 615 1521 641 nos
1542 599 1744 640 certiores

214 659 413 700 redderet
444 659 709 713 producebat
740 659 946 714 quosdam
968 660 1144 700 clericos
1165 666 1207 700 et
1229 658 1358 699 lai-cos
1380 658 1492 698 viros
1516 686 1742 699 ............

215 731 382 770 magnae
418 726 552 765 natOS,
596 731 705 771 quos
746 717 915 758 dicebat
950 716 1103 758 vidisse
1156 716 1388 757 monachos
1429 714 1746 756 Dunelmenses

217 773 438 814 ecclesiam
471 774 524 814 de
551 773 808 815 Tinemuthe
832 775 1005 829 pacifice
1027 774 1277 829 possedisse,
1301 782 1342 813 et
1363 781 1594 827 praesentes
1615 771 1745 812 fuisse

218 831 291 871 ubi
323 830 383 870 illi
415 831 623 871 violenter
645 831 809 885 expulsi
830 832 1016 881 fuerunt,
1040 840 1082 872 et
1105 830 1300 872 monachi
1324 830 1470 872 Sancti
1492 829 1648 870 Albani
1667 843 1746 884 per

220 887 438 929 Gaicalem
463 896 718 941 potestatem
734 888 941 930 violenter
963 888 1126 930 intrusi.
1173 889 1229 929 Et
1251 887 1451 943 quoniam
1474 901 1592 928 senes
1610 897 1747 936 erant,

218 953 261 986 et
284 945 597 994 valetudinarii,
618 953 661 986 et
683 946 765 986 alia
786 945 876 986 vice
898 946 988 987 sine
1006 961 1160 1000 magna
1176 945 1425 986 difficultate
1440 944 1657 985 asserebat
1675 958 1747 984 eos

217 1017 302 1043 non
335 1017 462 1056 posse
498 1003 690 1056 produci,
729 1004 908 1059 rogabat
945 1018 1020 1043 nos
1052 1004 1268 1053 attentius,
1303 1011 1349 1043 ut
1370 1003 1423 1043 ab
1445 1002 1505 1043 eis
1526 1001 1747 1042 veritatem

219 1074 478 1108 erueremus,
513 1074 565 1100 ne
588 1075 733 1100 eorum
758 1070 893 1101 morte
916 1061 983 1101 vel
1005 1061 1202 1102 absencia
1223 1075 1350 1101 causa
1371 1062 1460 1115 ejus
1482 1059 1653 1114 aliquod
1676 1058 1750 1099 de-

220 1117 468 1165 trimentum
501 1125 733 1170 pateretur.
800 1117 883 1159 His
916 1117 1058 1173 itaque
1089 1117 1322 1171 completis,
1356 1117 1528 1173 quidam
1551 1115 1749 1156 monachi

222 1182 265 1214 et
302 1173 456 1222 clerici,
496 1174 567 1228 qui
604 1175 656 1214 ab
691 1174 862 1216 Abbate
896 1175 1039 1216 Sancti
1073 1176 1229 1216 Albani
1260 1174 1372 1216 missi
1404 1174 1584 1223 fuerant,
1607 1173 1750 1214 literas

217 1231 399 1272 Abbatis
435 1231 556 1270 nobis
589 1240 887 1285 porrexerunt,
922 1241 1208 1287 protestantes
1240 1247 1337 1274 eum
1368 1231 1484 1286 gravi
1505 1230 1752 1271 infirmitate

222 1289 351 1328 fuisse
394 1288 632 1337 detentum,
676 1298 719 1329 et
756 1289 853 1329 ideo
888 1305 932 1330 se
968 1290 1237 1345 praesentiam
1271 1304 1388 1330 suam
1425 1288 1628 1331 exhibere
1663 1303 1751 1329 non

220 1360 358 1400 posse.
437 1345 523 1387 Sed
564 1346 685 1386 Prior
721 1347 1026 1388 Dunelmeusis
1063 1348 1232 1389 dicebat
1268 1347 1490 1389 dimidium
1527 1347 1626 1387 anni
1662 1346 1751 1386 fere

220 1403 432 1443 effluxisse
469 1415 566 1457 post
599 1418 728 1459 quam
764 1403 910 1445 citatio
946 1406 1059 1446 facta
1090 1405 1241 1455 fuerat,
1277 1414 1320 1445 et
1353 1421 1397 1445 se
1419 1419 1473 1445 ex
1495 1412 1613 1445 tanta
1634 1417 1754 1444 mora

220 1460 347 1501 fuisse
378 1469 616 1517 gravatum,
642 1461 739 1501 licet
762 1476 839 1502 nos
860 1462 972 1503 diem
994 1463 1113 1503 illum
1135 1463 1188 1503 de
1211 1477 1417 1503 consensu
1438 1462 1623 1516 partium
1644 1475 1753 1515 prae-

220 1519 483 1566 fixissemus3
515 1518 570 1558 ad
600 1533 712 1559 nunc
735 1519 865 1572 igitur
885 1535 1011 1560 causa
1032 1520 1105 1560 illa
1123 1520 1255 1561 civilis
1277 1527 1368 1560 erat
1390 1527 1431 1559 et
1452 1533 1529 1573 per
1549 1533 1751 1573 procura-

222 1585 335 1616 tores
373 1575 439 1629 agi
472 1585 640 1630 poterat
675 1576 910 1630 praesertim
947 1605 1226 1619 ...............
1260 1578 1314 1618 ab
1335 1577 1407 1624 illo
1429 1576 1672 1630 gravamine
1697 1575 1751 1616 de

214 1632 389 1687 justicia
411 1634 621 1674 Romanae
643 1633 766 1683 sedis,
793 1642 837 1674 ut
860 1634 1042 1684 dicebat,
1066 1635 1230 1689 plenius
1252 1634 1470 1675 confidens
1492 1632 1752 1674 audientiam

222 1699 407 1731 vestram
429 1691 484 1731 ad
505 1690 660 1731 festum
686 1691 830 1732 Sancti
850 1692 1005 1733 Hilarii
1021 1693 1246 1733 terminum
1263 1692 1491 1748 praefigens
1508 1689 1752 1746 appellavit.

223 1747 316 1787 Nos
351 1755 493 1788 autem
530 1748 732 1803 quoniam
766 1749 908 1803 appell
918 1778 1138 1791 ............
1176 1765 1345 1790 causam
1375 1749 1491 1789 illam
1524 1749 1577 1789 ad
1600 1756 1751 1789 vestrae

220 1804 484 1845 discretionis
512 1819 691 1847 examen
713 1807 1016 1847 remittendam
1038 1822 1128 1848 esse
1151 1806 1400 1848 censuimus.
1458 1806 1613 1847 Valeat
1634 1819 1752 1846 sanc-

225 1870 321 1902 titas
346 1870 495 1905 vestra.

339 2100 532 2127 xxxvlll.
567 2100 798 2128 SCRIPTUM
822 2102 1031 2130 JUDICUM
1056 2104 1112 2130 DE
1133 2104 1474 2132 COMPOSICIONE
1494 2105 1634 2132 INTER

343 2158 428 2184 NOS
459 2158 514 2184 ET
549 2158 800 2185 MONACHOS
838 2160 997 2187 SANCTI
1032 2161 1202 2189 ALBANI
1236 2162 1294 2189 DE
1321 2163 1552 2190 ECCLESIIS
1574 2162 1635 2189 DE

343 2214 553 2243 BIWELLE
578 2215 635 2242 ET
658 2215 982 2244 EDELINGHAM.

768 2292 880 2337 [Orig.
900 2295 927 2326 1.
944 2295 976 2326 3.
992 2293 1093 2327 Pont.
1109 2295 1140 2327 Ι.
1163 2295 1209 2335 1.]

284 2368 494 2424 Rogerius
537 2368 623 2410 Dei
664 2371 807 2424 gracia
852 2370 1135 2425 Wigornensis
1177 2371 1412 2426 episcopus,
1455 2379 1498 2412 et
1534 2371 1754 2413 Johannes

225 2424 481 2467 Exoniensis
503 2426 691 2467 ecclesiae
714 2427 1037 2479 Thesaurarius,
1061 2429 1261 2470 universis
1285 2438 1443 2470 sanctae
1460 2429 1604 2469 matris
1621 2429 1753 2471 eccle-

220 2484 294 2523 siae
324 2483 432 2532 filiis,
456 2485 735 2537 praesentibus
758 2494 803 2526 et
828 2486 994 2536 futuris,
1019 2487 1072 2527 ad
1094 2502 1200 2544 quos
1221 2501 1407 2541 praesens
1429 2485 1637 2540 scriptura
1657 2500 1752 2540 per-

217 2540 394 2590 venerit,
415 2541 611 2584 salutem.
654 2542 721 2583 Ne
752 2543 882 2584 semel
914 2544 1052 2598 sopita
1082 2544 1218 2598 litigia
1248 2544 1390 2584 denuo
1416 2544 1682 2593 suscitentur,
1707 2551 1750 2584 et

169 2632 173 2637 ,
217 2596 379 2638 bonum
409 2598 524 2652 pacis
547 2599 768 2640 contentio
790 2600 977 2642 recidiva
998 2603 1233 2656 perturbet,
1257 2600 1300 2640 in
1322 2600 1535 2655 publicam
1558 2601 1750 2641 volumus

214 2653 415 2695 noticiam
445 2655 668 2709 pervenire
695 2658 811 2712 quod
833 2660 1134 2708 controversia,
1159 2673 1285 2714 quam
1309 2659 1537 2699 movebant
1560 2657 1683 2699 Prior
1704 2665 1748 2697 et

215 2709 365 2752 fratres
403 2711 713 2755 Dunelmenses
747 2716 1004 2758 monasterio
1039 2717 1183 2759 Sancti
1217 2716 1390 2766 Albani,
1425 2730 1549 2770 super
1571 2714 1749 2757 ecclesia
