<?xml version="1.0" encoding="UTF-8"?>
<!DOCTYPE html PUBLIC "-//W3C//DTD XHTML 1.0 Transitional//EN"
    "http://www.w3.org/TR/xhtml1/DTD/xhtml1-transitional.dtd">
<html xmlns="http://www.w3.org/1999/xhtml" xml:lang="en" lang="en">
 <head>
  <title>
</title>
<meta http-equiv="Content-Type" content="text/html;charset=utf-8" />
  <meta name='ocr-system' content='tesseract 3.04.00' />
  <meta name='ocr-capabilities' content='ocr_page ocr_carea ocr_par ocr_line ocrx_word'/>
</head>
<body>
  <div class='ocr_page' id='page_1' title='image "./historiaedunelme00gauf_0367.png"; bbox 0 0 1807 2962; ppageno 0'>
   <div class='ocr_carea' id='block_1_1' title="bbox 375 105 1556 154">
    <p class='ocr_par' dir='ltr' id='par_1_1' title="bbox 375 105 1556 154">
     <span class='ocr_line' id='line_1_1' title="bbox 375 105 1556 154; baseline 0.007 -8"><span class='ocrx_word' id='word_1_1' title='bbox 375 115 654 147; x_wconf 81' lang='lat' dir='ltr'><strong>APPENDIX.</strong></span> <span class='ocrx_word' id='word_1_2' title='bbox 682 114 804 146; x_wconf 85' lang='lat' dir='ltr'>ANN.</span> <span class='ocrx_word' id='word_1_3' title='bbox 832 114 1206 148; x_wconf 68' lang='lat' dir='ltr'>Mccctxxxvu.</span> <span class='ocrx_word' id='word_1_4' title='bbox 1450 105 1556 154; x_wconf 79' lang='lat' dir='ltr'>clvii</span> 
     </span>
    </p>
   </div>
   <div class='ocr_carea' id='block_1_2' title="bbox 1 221 1562 1254">
    <p class='ocr_par' dir='ltr' id='par_1_2' title="bbox 1 221 1562 1254">
     <span class='ocr_line' id='line_1_2' title="bbox 1 221 1557 278; baseline 0.004 -18"><span class='ocrx_word' id='word_1_5' title='bbox 1 256 5 260; x_wconf 90' lang='grc'><em>,</em></span> <span class='ocrx_word' id='word_1_6' title='bbox 30 223 144 267; x_wconf 88' lang='lat' dir='ltr'>mille</span> <span class='ocrx_word' id='word_1_7' title='bbox 177 235 411 263; x_wconf 85' lang='lat' dir='ltr'>marcarum</span> <span class='ocrx_word' id='word_1_8' title='bbox 449 230 492 263; x_wconf 91' lang='lat' dir='ltr'>et</span> <span class='ocrx_word' id='word_1_9' title='bbox 534 221 714 276; x_wconf 89' lang='lat' dir='ltr'>amplius</span> <span class='ocrx_word' id='word_1_10' title='bbox 745 222 980 270; x_wconf 81' lang='lat' dir='ltr'>annua-tim,</span> <span class='ocrx_word' id='word_1_11' title='bbox 1012 236 1090 276; x_wconf 82' lang='lat' dir='ltr'>per</span> <span class='ocrx_word' id='word_1_12' title='bbox 1125 222 1208 263; x_wconf 87' lang='lat' dir='ltr'>vim</span> <span class='ocrx_word' id='word_1_13' title='bbox 1241 230 1284 264; x_wconf 91' lang='lat' dir='ltr'>et</span> <span class='ocrx_word' id='word_1_14' title='bbox 1315 227 1557 278; x_wconf 83' lang='lat' dir='ltr'>potenciam</span> 
     </span>
     <span class='ocr_line' id='line_1_3' title="bbox 36 278 1555 337; baseline 0.001 -15"><span class='ocrx_word' id='word_1_15' title='bbox 36 280 164 337; x_wconf 79' lang='lat' dir='ltr'>Regis</span> <span class='ocrx_word' id='word_1_16' title='bbox 191 281 434 320; x_wconf 81' lang='lat' dir='ltr'>Scottorum</span> <span class='ocrx_word' id='word_1_17' title='bbox 457 294 482 320; x_wconf 86' lang='lat' dir='ltr'>a</span> <span class='ocrx_word' id='word_1_18' title='bbox 503 279 623 320; x_wconf 88' lang='lat' dir='ltr'>nobis</span> <span class='ocrx_word' id='word_1_19' title='bbox 636 279 726 333; x_wconf 90' lang='lat' dir='ltr'>jam</span> <span class='ocrx_word' id='word_1_20' title='bbox 747 294 773 320; x_wconf 89' lang='lat' dir='ltr'>a</span> <span class='ocrx_word' id='word_1_21' title='bbox 793 278 864 319; x_wconf 91' lang='lat' dir='ltr'>diu</span> <span class='ocrx_word' id='word_1_22' title='bbox 888 279 1197 320; x_wconf 84' lang='lat' dir='ltr'>subtractarum</span> <span class='ocrx_word' id='word_1_23' title='bbox 1212 289 1254 321; x_wconf 89' lang='lat' dir='ltr'>et</span> <span class='ocrx_word' id='word_1_24' title='bbox 1269 281 1555 334; x_wconf 88' lang='lat' dir='ltr'>detentarum,</span> 
     </span>
     <span class='ocr_line' id='line_1_4' title="bbox 29 335 1559 394; baseline 0.002 -16"><span class='ocrx_word' id='word_1_25' title='bbox 29 337 305 394; x_wconf 84' lang='lat' dir='ltr'><strong>personaliter</strong></span> <span class='ocrx_word' id='word_1_26' title='bbox 326 351 582 390; x_wconf 83' lang='lat' dir='ltr'>occupamur</span> <span class='ocrx_word' id='word_1_27' title='bbox 613 346 655 377; x_wconf 90' lang='lat' dir='ltr'>et</span> <span class='ocrx_word' id='word_1_28' title='bbox 677 335 916 377; x_wconf 81' lang='lat' dir='ltr'>necessario</span> <span class='ocrx_word' id='word_1_29' title='bbox 940 337 1138 391; x_wconf 88' lang='lat' dir='ltr'>occupari</span> <span class='ocrx_word' id='word_1_30' title='bbox 1171 347 1358 392; x_wconf 83' lang='lat' dir='ltr'>oportet,</span> <span class='ocrx_word' id='word_1_31' title='bbox 1392 354 1447 380; x_wconf 87' lang='lat' dir='ltr'>ex</span> <span class='ocrx_word' id='word_1_32' title='bbox 1477 339 1559 381; x_wconf 86' lang='lat' dir='ltr'>hae</span> 
     </span>
     <span class='ocr_line' id='line_1_5' title="bbox 30 393 1560 452; baseline 0.001 -16"><span class='ocrx_word' id='word_1_33' title='bbox 30 410 167 444; x_wconf 88' lang='lat' dir='ltr'>causa,</span> <span class='ocrx_word' id='word_1_34' title='bbox 190 409 271 449; x_wconf 86' lang='lat' dir='ltr'>pro</span> <span class='ocrx_word' id='word_1_35' title='bbox 291 406 483 449; x_wconf 82' lang='lat' dir='ltr'>tempore</span> <span class='ocrx_word' id='word_1_36' title='bbox 504 409 590 449; x_wconf 89' lang='lat' dir='ltr'>quo</span> <span class='ocrx_word' id='word_1_37' title='bbox 611 394 654 433; x_wconf 82' lang='lat' dir='ltr'>i-n</span> <span class='ocrx_word' id='word_1_38' title='bbox 678 393 867 448; x_wconf 86' lang='lat' dir='ltr'>partibus</span> <span class='ocrx_word' id='word_1_39' title='bbox 889 395 1046 434; x_wconf 51' lang='lat' dir='ltr'>nostris&gt;</span> <span class='ocrx_word' id='word_1_40' title='bbox 1063 393 1301 445; x_wconf 80' lang='lat' dir='ltr'>extiterint,</span> <span class='ocrx_word' id='word_1_41' title='bbox 1325 396 1443 452; x_wconf 91' lang='lat' dir='ltr'>quod</span> <span class='ocrx_word' id='word_1_42' title='bbox 1463 411 1560 438; x_wconf 87' lang='lat' dir='ltr'>nes-</span> 
     </span>
     <span class='ocr_line' id='line_1_6' title="bbox 30 446 1557 508; baseline 0.001 -15"><span class='ocrx_word' id='word_1_43' title='bbox 30 453 139 494; x_wconf 85' lang='lat' dir='ltr'>citur</span> <span class='ocrx_word' id='word_1_44' title='bbox 160 446 361 508; x_wconf 78' lang='lat' dir='ltr'>quamdiu</span> <span class='ocrx_word' id='word_1_45' title='bbox 400 451 494 501; x_wconf 80' lang='lat' dir='ltr'>erit,</span> <span class='ocrx_word' id='word_1_46' title='bbox 527 451 586 492; x_wconf 87' lang='lat' dir='ltr'>ita</span> <span class='ocrx_word' id='word_1_47' title='bbox 607 451 722 506; x_wconf 89' lang='lat' dir='ltr'>quod</span> <span class='ocrx_word' id='word_1_48' title='bbox 744 451 904 506; x_wconf 80' lang='lat' dir='ltr'>absque</span> <span class='ocrx_word' id='word_1_49' title='bbox 939 451 1059 505; x_wconf 83' lang='lat' dir='ltr'>gravi</span> <span class='ocrx_word' id='word_1_50' title='bbox 1081 452 1270 507; x_wconf 87' lang='lat' dir='ltr'>corporis</span> <span class='ocrx_word' id='word_1_51' title='bbox 1291 454 1425 494; x_wconf 86' lang='lat' dir='ltr'>nostri</span> <span class='ocrx_word' id='word_1_52' title='bbox 1446 456 1557 508; x_wconf 88' lang='lat' dir='ltr'>peri-</span> 
     </span>
     <span class='ocr_line' id='line_1_7' title="bbox 30 508 1558 565; baseline 0.001 -14"><span class='ocrx_word' id='word_1_53' title='bbox 30 510 128 551; x_wconf 94' lang='lat' dir='ltr'>culo</span> <span class='ocrx_word' id='word_1_54' title='bbox 160 519 202 550; x_wconf 88' lang='lat' dir='ltr'>et</span> <span class='ocrx_word' id='word_1_55' title='bbox 226 509 392 550; x_wconf 88' lang='lat' dir='ltr'>Domus</span> <span class='ocrx_word' id='word_1_56' title='bbox 413 517 569 549; x_wconf 80' lang='lat' dir='ltr'>nostrae</span> <span class='ocrx_word' id='word_1_57' title='bbox 592 508 817 562; x_wconf 90' lang='lat' dir='ltr'>dispendio</span> <span class='ocrx_word' id='word_1_58' title='bbox 838 508 1045 562; x_wconf 86' lang='lat' dir='ltr'>praedicto</span> <span class='ocrx_word' id='word_1_59' title='bbox 1067 509 1256 563; x_wconf 86' lang='lat' dir='ltr'>capitulo</span> <span class='ocrx_word' id='word_1_60' title='bbox 1278 511 1558 565; x_wconf 80' lang='lat' dir='ltr'>personaliter</span> 
     </span>
     <span class='ocr_line' id='line_1_8' title="bbox 29 565 1558 622; baseline 0.002 -14"><span class='ocrx_word' id='word_1_61' title='bbox 29 582 115 609; x_wconf 89' lang='lat' dir='ltr'>non</span> <span class='ocrx_word' id='word_1_62' title='bbox 137 567 369 622; x_wconf 84' lang='lat' dir='ltr'>poterimus</span> <span class='ocrx_word' id='word_1_63' title='bbox 390 565 594 606; x_wconf 82' lang='lat' dir='ltr'>interesse</span> <span class='ocrx_word' id='word_1_64' title='bbox 615 575 657 606; x_wconf 92' lang='lat' dir='ltr'>et</span> <span class='ocrx_word' id='word_1_65' title='bbox 678 565 719 605; x_wconf 91' lang='lat' dir='ltr'>in</span> <span class='ocrx_word' id='word_1_66' title='bbox 751 565 904 606; x_wconf 88' lang='lat' dir='ltr'>eodem</span> <span class='ocrx_word' id='word_1_67' title='bbox 927 565 1158 620; x_wconf 82' lang='lat' dir='ltr'>presidere,</span> <span class='ocrx_word' id='word_1_68' title='bbox 1183 568 1301 609; x_wconf 88' lang='lat' dir='ltr'>sicud</span> <span class='ocrx_word' id='word_1_69' title='bbox 1322 568 1376 609; x_wconf 87' lang='lat' dir='ltr'>ad</span> <span class='ocrx_word' id='word_1_70' title='bbox 1398 568 1558 611; x_wconf 88' lang='lat' dir='ltr'>facien-</span> 
     </span>
     <span class='ocr_line' id='line_1_9' title="bbox 30 622 1559 678; baseline 0.002 -13"><span class='ocrx_word' id='word_1_71' title='bbox 30 625 131 665; x_wconf 90' lang='lat' dir='ltr'>dum</span> <span class='ocrx_word' id='word_1_72' title='bbox 153 624 406 665; x_wconf 86' lang='lat' dir='ltr'>auctoritate</span> <span class='ocrx_word' id='word_1_73' title='bbox 422 623 560 664; x_wconf 89' lang='lat' dir='ltr'>ultimi</span> <span class='ocrx_word' id='word_1_74' title='bbox 581 622 754 677; x_wconf 88' lang='lat' dir='ltr'>capituli</span> <span class='ocrx_word' id='word_1_75' title='bbox 776 622 1041 677; x_wconf 86' lang='lat' dir='ltr'>provincialis</span> <span class='ocrx_word' id='word_1_76' title='bbox 1064 624 1252 678; x_wconf 89' lang='lat' dir='ltr'>ejusdem</span> <span class='ocrx_word' id='word_1_77' title='bbox 1269 626 1443 667; x_wconf 80' lang='lat' dir='ltr'>Ordinis</span> <span class='ocrx_word' id='word_1_78' title='bbox 1465 642 1559 669; x_wconf 86' lang='lat' dir='ltr'>era-</span> 
     </span>
     <span class='ocr_line' id='line_1_10' title="bbox 29 679 1558 738; baseline 0.002 -15"><span class='ocrx_word' id='word_1_79' title='bbox 29 697 120 723; x_wconf 91' lang='lat' dir='ltr'>mus</span> <span class='ocrx_word' id='word_1_80' title='bbox 142 681 333 737; x_wconf 86' lang='lat' dir='ltr'>deputati</span> <span class='ocrx_word' id='word_1_81' title='bbox 352 696 362 729; x_wconf 86' lang='lat'><em>3</em></span> <span class='ocrx_word' id='word_1_82' title='bbox 395 680 607 736; x_wconf 85' lang='lat' dir='ltr'>quocirca,</span> <span class='ocrx_word' id='word_1_83' title='bbox 632 681 686 721; x_wconf 92' lang='lat' dir='ltr'>de</span> <span class='ocrx_word' id='word_1_84' title='bbox 718 679 868 721; x_wconf 88' lang='lat' dir='ltr'>vestris</span> <span class='ocrx_word' id='word_1_85' title='bbox 890 680 1090 735; x_wconf 88' lang='lat' dir='ltr'>prudenti</span> <span class='ocrx_word' id='word_1_86' title='bbox 1111 683 1494 738; x_wconf 82' lang='lat' dir='ltr'>circumspeccione</span> <span class='ocrx_word' id='word_1_87' title='bbox 1515 692 1558 726; x_wconf 87' lang='lat' dir='ltr'>et</span> 
     </span>
     <span class='ocr_line' id='line_1_11' title="bbox 30 737 1561 795; baseline 0.001 -15"><span class='ocrx_word' id='word_1_88' title='bbox 30 738 306 781; x_wconf 85' lang='lat' dir='ltr'>conscieneiae</span> <span class='ocrx_word' id='word_1_89' title='bbox 327 739 509 793; x_wconf 88' lang='lat' dir='ltr'>puritate</span> <span class='ocrx_word' id='word_1_90' title='bbox 532 738 760 791; x_wconf 82' lang='lat' dir='ltr'>plurimum</span> <span class='ocrx_word' id='word_1_91' title='bbox 781 737 826 778; x_wconf 88' lang='lat' dir='ltr'>in</span> <span class='ocrx_word' id='word_1_92' title='bbox 848 737 1041 778; x_wconf 87' lang='lat' dir='ltr'>Domino</span> <span class='ocrx_word' id='word_1_93' title='bbox 1069 739 1348 790; x_wconf 79' lang='lat' dir='ltr'>confidentes,</span> <span class='ocrx_word' id='word_1_94' title='bbox 1372 742 1427 782; x_wconf 88' lang='lat' dir='ltr'>ad</span> <span class='ocrx_word' id='word_1_95' title='bbox 1447 756 1561 795; x_wconf 87' lang='lat' dir='ltr'>prae-</span> 
     </span>
     <span class='ocr_line' id='line_1_12' title="bbox 28 794 1558 852; baseline 0.002 -15"><span class='ocrx_word' id='word_1_96' title='bbox 28 796 250 837; x_wconf 78' lang='lat' dir='ltr'>sidendum</span> <span class='ocrx_word' id='word_1_97' title='bbox 281 810 361 851; x_wconf 86' lang='lat' dir='ltr'>pro</span> <span class='ocrx_word' id='word_1_98' title='bbox 393 796 516 836; x_wconf 88' lang='lat' dir='ltr'>nobis</span> <span class='ocrx_word' id='word_1_99' title='bbox 552 804 596 837; x_wconf 88' lang='lat' dir='ltr'>et</span> <span class='ocrx_word' id='word_1_100' title='bbox 630 794 801 836; x_wconf 89' lang='lat' dir='ltr'>nomine</span> <span class='ocrx_word' id='word_1_101' title='bbox 837 803 982 836; x_wconf 90' lang='lat' dir='ltr'>nostro</span> <span class='ocrx_word' id='word_1_102' title='bbox 1018 795 1062 836; x_wconf 90' lang='lat' dir='ltr'>in</span> <span class='ocrx_word' id='word_1_103' title='bbox 1084 796 1200 837; x_wconf 90' lang='lat' dir='ltr'>dicto</span> <span class='ocrx_word' id='word_1_104' title='bbox 1222 797 1409 852; x_wconf 88' lang='lat' dir='ltr'>capitulo</span> <span class='ocrx_word' id='word_1_105' title='bbox 1430 813 1479 839; x_wconf 88' lang='lat' dir='ltr'>ac</span> <span class='ocrx_word' id='word_1_106' title='bbox 1501 800 1558 840; x_wconf 87' lang='lat' dir='ltr'>ad</span> 
     </span>
     <span class='ocr_line' id='line_1_13' title="bbox 27 852 1557 911; baseline 0.002 -16"><span class='ocrx_word' id='word_1_107' title='bbox 27 853 235 903; x_wconf 82' lang='lat' dir='ltr'>facienda,</span> <span class='ocrx_word' id='word_1_108' title='bbox 259 853 495 903; x_wconf 85' lang='lat' dir='ltr'>statuenda,</span> <span class='ocrx_word' id='word_1_109' title='bbox 519 860 563 893; x_wconf 90' lang='lat' dir='ltr'>et</span> <span class='ocrx_word' id='word_1_110' title='bbox 584 852 819 894; x_wconf 87' lang='lat' dir='ltr'>ordinanda</span> <span class='ocrx_word' id='word_1_111' title='bbox 841 852 983 893; x_wconf 89' lang='lat' dir='ltr'>omnia</span> <span class='ocrx_word' id='word_1_112' title='bbox 1000 861 1044 893; x_wconf 90' lang='lat' dir='ltr'>et</span> <span class='ocrx_word' id='word_1_113' title='bbox 1065 853 1247 908; x_wconf 84' lang='lat' dir='ltr'>singula,</span> <span class='ocrx_word' id='word_1_114' title='bbox 1270 865 1478 911; x_wconf 82' lang='lat' dir='ltr'>quatenus</span> <span class='ocrx_word' id='word_1_115' title='bbox 1499 857 1557 898; x_wconf 89' lang='lat' dir='ltr'>ad</span> 
     </span>
     <span class='ocr_line' id='line_1_14' title="bbox 27 910 1558 966; baseline -0.001 -14"><span class='ocrx_word' id='word_1_116' title='bbox 27 926 106 952; x_wconf 93' lang='lat' dir='ltr'>nos</span> <span class='ocrx_word' id='word_1_117' title='bbox 128 911 327 966; x_wconf 87' lang='lat' dir='ltr'>pertinet,</span> <span class='ocrx_word' id='word_1_118' title='bbox 346 919 390 952; x_wconf 88' lang='lat' dir='ltr'>et</span> <span class='ocrx_word' id='word_1_119' title='bbox 412 925 507 966; x_wconf 82' lang='lat' dir='ltr'>quae</span> <span class='ocrx_word' id='word_1_120' title='bbox 529 925 605 951; x_wconf 87' lang='lat' dir='ltr'>nos</span> <span class='ocrx_word' id='word_1_121' title='bbox 627 910 765 951; x_wconf 89' lang='lat' dir='ltr'>facere</span> <span class='ocrx_word' id='word_1_122' title='bbox 786 924 1022 965; x_wconf 80' lang='lat' dir='ltr'>possemUS,</span> <span class='ocrx_word' id='word_1_123' title='bbox 1038 911 1073 950; x_wconf 87' lang='lat' dir='ltr'>si</span> <span class='ocrx_word' id='word_1_124' title='bbox 1094 920 1327 965; x_wconf 81' lang='lat' dir='ltr'>praesentes</span> <span class='ocrx_word' id='word_1_125' title='bbox 1350 928 1558 964; x_wconf 77' lang='lat' dir='ltr'>essemus,</span> 
     </span>
     <span class='ocr_line' id='line_1_15' title="bbox 29 967 1554 1024; baseline 0.003 -15"><span class='ocrx_word' id='word_1_126' title='bbox 29 982 114 1009; x_wconf 88' lang='lat' dir='ltr'>una</span> <span class='ocrx_word' id='word_1_127' title='bbox 149 983 245 1009; x_wconf 91' lang='lat' dir='ltr'>cum</span> <span class='ocrx_word' id='word_1_128' title='bbox 271 968 465 1010; x_wconf 86' lang='lat' dir='ltr'>Praelatis</span> <span class='ocrx_word' id='word_1_129' title='bbox 492 976 535 1009; x_wconf 89' lang='lat' dir='ltr'>et</span> <span class='ocrx_word' id='word_1_130' title='bbox 557 967 648 1008; x_wconf 86' lang='lat' dir='ltr'>aliis</span> <span class='ocrx_word' id='word_1_131' title='bbox 668 967 1017 1022; x_wconf 82' lang='lat' dir='ltr'>procuratoribus</span> <span class='ocrx_word' id='word_1_132' title='bbox 1038 967 1082 1007; x_wconf 92' lang='lat' dir='ltr'>in</span> <span class='ocrx_word' id='word_1_133' title='bbox 1103 967 1219 1009; x_wconf 91' lang='lat' dir='ltr'>dicto</span> <span class='ocrx_word' id='word_1_134' title='bbox 1239 969 1428 1024; x_wconf 86' lang='lat' dir='ltr'>capitulo</span> <span class='ocrx_word' id='word_1_135' title='bbox 1450 979 1554 1013; x_wconf 90' lang='lat' dir='ltr'>tunc</span> 
     </span>
     <span class='ocr_line' id='line_1_16' title="bbox 29 1024 1561 1081; baseline 0.003 -15"><span class='ocrx_word' id='word_1_136' title='bbox 29 1025 323 1081; x_wconf 85' lang='lat' dir='ltr'>praesentibus,</span> <span class='ocrx_word' id='word_1_137' title='bbox 346 1026 469 1067; x_wconf 86' lang='lat' dir='ltr'>vobis</span> <span class='ocrx_word' id='word_1_138' title='bbox 497 1024 800 1066; x_wconf 87' lang='lat' dir='ltr'>committimus</span> <span class='ocrx_word' id='word_1_139' title='bbox 822 1025 932 1065; x_wconf 90' lang='lat' dir='ltr'>vices</span> <span class='ocrx_word' id='word_1_140' title='bbox 954 1033 1135 1075; x_wconf 88' lang='lat' dir='ltr'>nostras,</span> <span class='ocrx_word' id='word_1_141' title='bbox 1160 1026 1386 1080; x_wconf 90' lang='lat' dir='ltr'>cujuslibet</span> <span class='ocrx_word' id='word_1_142' title='bbox 1406 1028 1561 1069; x_wconf 88' lang='lat' dir='ltr'>coher-</span> 
     </span>
     <span class='ocr_line' id='line_1_17' title="bbox 30 1082 1557 1140; baseline 0.001 -15"><span class='ocrx_word' id='word_1_143' title='bbox 30 1083 161 1125; x_wconf 85' lang='lat' dir='ltr'>cionis</span> <span class='ocrx_word' id='word_1_144' title='bbox 197 1083 414 1124; x_wconf 73' lang='lat' dir='ltr'>canonicae</span> <span class='ocrx_word' id='word_1_145' title='bbox 444 1090 672 1137; x_wconf 74' lang='lat' dir='ltr'>potestate.</span> <span class='ocrx_word' id='word_1_146' title='bbox 734 1082 787 1123; x_wconf 88' lang='lat' dir='ltr'>In</span> <span class='ocrx_word' id='word_1_147' title='bbox 818 1084 939 1137; x_wconf 89' lang='lat' dir='ltr'>cujus</span> <span class='ocrx_word' id='word_1_148' title='bbox 970 1083 1030 1123; x_wconf 91' lang='lat' dir='ltr'>rei</span> <span class='ocrx_word' id='word_1_149' title='bbox 1056 1083 1346 1126; x_wconf 89' lang='lat' dir='ltr'>testimonium</span> <span class='ocrx_word' id='word_1_150' title='bbox 1370 1085 1557 1140; x_wconf 87' lang='lat' dir='ltr'>sigillum</span> 
     </span>
     <span class='ocr_line' id='line_1_18' title="bbox 29 1139 1562 1194; baseline 0.002 -13"><span class='ocrx_word' id='word_1_151' title='bbox 29 1150 221 1182; x_wconf 87' lang='lat' dir='ltr'>nostrum</span> <span class='ocrx_word' id='word_1_152' title='bbox 258 1139 535 1194; x_wconf 73' lang='lat' dir='ltr'>praesentibus</span> <span class='ocrx_word' id='word_1_153' title='bbox 569 1147 635 1180; x_wconf 87' lang='lat' dir='ltr'>est</span> <span class='ocrx_word' id='word_1_154' title='bbox 669 1153 918 1193; x_wconf 85' lang='lat' dir='ltr'>appensum.</span> <span class='ocrx_word' id='word_1_155' title='bbox 978 1140 1098 1181; x_wconf 84' lang='lat' dir='ltr'>Data</span> <span class='ocrx_word' id='word_1_156' title='bbox 1121 1140 1340 1191; x_wconf 87' lang='lat' dir='ltr'>Dunelmi‚</span> <span class='ocrx_word' id='word_1_157' title='bbox 1370 1156 1465 1184; x_wconf 84' lang='lat' dir='ltr'>xvu</span> <span class='ocrx_word' id='word_1_158' title='bbox 1488 1143 1562 1185; x_wconf 87' lang='lat' dir='ltr'>die·</span> 
     </span>
     <span class='ocr_line' id='line_1_19' title="bbox 29 1196 1394 1254; baseline 0.001 -14"><span class='ocrx_word' id='word_1_159' title='bbox 29 1197 185 1240; x_wconf 88' lang='lat' dir='ltr'>mensis</span> <span class='ocrx_word' id='word_1_160' title='bbox 206 1197 337 1248; x_wconf 83' lang='lat' dir='ltr'>Junii,</span> <span class='ocrx_word' id='word_1_161' title='bbox 360 1212 474 1239; x_wconf 88' lang='lat' dir='ltr'>anno</span> <span class='ocrx_word' id='word_1_162' title='bbox 498 1196 674 1237; x_wconf 86' lang='lat' dir='ltr'>Domini</span> <span class='ocrx_word' id='word_1_163' title='bbox 697 1204 885 1237; x_wconf 71' lang='lat' dir='ltr'>M⁰ccc¹¹¹⁰</span> <span class='ocrx_word' id='word_1_164' title='bbox 915 1197 1181 1251; x_wconf 84' lang='lat' dir='ltr'>octogesimo</span> <span class='ocrx_word' id='word_1_165' title='bbox 1198 1198 1394 1254; x_wconf 85' lang='lat' dir='ltr'>septimo.</span> 
     </span>
    </p>
   </div>
   <div class='ocr_carea' id='block_1_3' title="bbox 148 1470 1440 1561">
    <p class='ocr_par' dir='ltr' id='par_1_3' title="bbox 148 1470 1440 1561">
     <span class='ocr_line' id='line_1_20' title="bbox 148 1470 1440 1504; baseline -0.002 0"><span class='ocrx_word' id='word_1_166' title='bbox 148 1477 333 1504; x_wconf 77' lang='lat' dir='ltr'>CXXXIX.</span> <span class='ocrx_word' id='word_1_167' title='bbox 404 1475 655 1503; x_wconf 83' lang='lat' dir='ltr'><strong>LIBERACIO</strong></span> <span class='ocrx_word' id='word_1_168' title='bbox 708 1473 964 1501; x_wconf 85' lang='lat' dir='ltr'>WILLIELMI</span> <span class='ocrx_word' id='word_1_169' title='bbox 1018 1470 1131 1499; x_wconf 82' lang='lat' dir='ltr'>FILII</span> <span class='ocrx_word' id='word_1_170' title='bbox 1185 1472 1440 1502; x_wconf 85' lang='lat' dir='ltr'>WILLIELMI</span> 
     </span>
     <span class='ocr_line' id='line_1_21' title="bbox 165 1529 1429 1561; baseline -0.006 0"><span class='ocrx_word' id='word_1_171' title='bbox 165 1534 321 1561; x_wconf 84' lang='lat' dir='ltr'>SMYTH</span> <span class='ocrx_word' id='word_1_172' title='bbox 346 1533 405 1561; x_wconf 87' lang='lat' dir='ltr'>DE</span> <span class='ocrx_word' id='word_1_173' title='bbox 438 1531 778 1561; x_wconf 85' lang='lat' dir='ltr'>NUNSTAYNTON</span> <span class='ocrx_word' id='word_1_174' title='bbox 813 1532 871 1558; x_wconf 84' lang='lat' dir='ltr'>DE</span> <span class='ocrx_word' id='word_1_175' title='bbox 906 1530 1090 1559; x_wconf 88' lang='lat' dir='ltr'>OFFICIO</span> <span class='ocrx_word' id='word_1_176' title='bbox 1112 1529 1429 1561; x_wconf 66' lang='lat' dir='ltr'><strong>STABULARIAE.</strong></span> 
     </span>
    </p>
   </div>
   <div class='ocr_carea' id='block_1_4' title="bbox 616 1624 979 1669">
    <p class='ocr_par' dir='ltr' id='par_1_4' title="bbox 616 1624 979 1669">
     <span class='ocr_line' id='line_1_22' title="bbox 616 1624 979 1669; baseline -0.008 -11"><span class='ocrx_word' id='word_1_177' title='bbox 616 1626 722 1669; x_wconf 74' lang='lat' dir='ltr'>[neg.</span> <span class='ocrx_word' id='word_1_178' title='bbox 736 1625 788 1658; x_wconf 92' lang='lat'>11.</span> <span class='ocrx_word' id='word_1_179' title='bbox 802 1624 824 1657; x_wconf 88' lang='lat' dir='ltr'>f.</span> <span class='ocrx_word' id='word_1_180' title='bbox 837 1626 914 1657; x_wconf 73' lang='lat'>214.</span> <span class='ocrx_word' id='word_1_181' title='bbox 930 1624 979 1667; x_wconf 86' lang='lat' dir='ltr'>b.]</span> 
     </span>
    </p>
   </div>
   <div class='ocr_carea' id='block_1_5' title="bbox 33 1718 1572 2809">
    <p class='ocr_par' dir='ltr' id='par_1_5' title="bbox 33 1718 1572 2809">
     <span class='ocr_line' id='line_1_23' title="bbox 91 1718 1563 1773; baseline -0.002 -9"><span class='ocrx_word' id='word_1_182' title='bbox 91 1721 313 1764; x_wconf 85' lang='lat' dir='ltr'>Universis</span> <span class='ocrx_word' id='word_1_183' title='bbox 356 1720 519 1763; x_wconf 81' lang='lat' dir='ltr'>Christi</span> <span class='ocrx_word' id='word_1_184' title='bbox 566 1719 765 1760; x_wconf 87' lang='lat' dir='ltr'>fidelibus</span> <span class='ocrx_word' id='word_1_185' title='bbox 816 1725 1052 1773; x_wconf 78' lang='lat' dir='ltr'>praesentes</span> <span class='ocrx_word' id='word_1_186' title='bbox 1102 1718 1243 1760; x_wconf 82' lang='lat' dir='ltr'>literas</span> <span class='ocrx_word' id='word_1_187' title='bbox 1293 1718 1563 1773; x_wconf 75' lang='lat' dir='ltr'>inspecturis,</span> 
     </span>
     <span class='ocr_line' id='line_1_24' title="bbox 37 1775 1566 1830; baseline -0.001 -10"><span class='ocrx_word' id='word_1_188' title='bbox 37 1779 253 1820; x_wconf 87' lang='lat' dir='ltr'>Robertus</span> <span class='ocrx_word' id='word_1_189' title='bbox 279 1779 402 1820; x_wconf 87' lang='lat' dir='ltr'>Prior</span> <span class='ocrx_word' id='word_1_190' title='bbox 432 1777 621 1819; x_wconf 82' lang='lat' dir='ltr'>ecclesiae</span> <span class='ocrx_word' id='word_1_191' title='bbox 645 1775 943 1817; x_wconf 89' lang='lat' dir='ltr'>Dunelmensis</span> <span class='ocrx_word' id='word_1_192' title='bbox 974 1784 1018 1816; x_wconf 90' lang='lat' dir='ltr'>et</span> <span class='ocrx_word' id='word_1_193' title='bbox 1040 1775 1230 1830; x_wconf 86' lang='lat' dir='ltr'>ejusdem</span> <span class='ocrx_word' id='word_1_194' title='bbox 1251 1775 1338 1817; x_wconf 87' lang='lat' dir='ltr'>loci</span> <span class='ocrx_word' id='word_1_195' title='bbox 1365 1777 1566 1818; x_wconf 71' lang='lat' dir='ltr'>Conven=</span> 
     </span>
     <span class='ocr_line' id='line_1_25' title="bbox 33 1832 1561 1889; baseline -0.001 -12"><span class='ocrx_word' id='word_1_196' title='bbox 33 1845 113 1887; x_wconf 88' lang='lat' dir='ltr'>tus,</span> <span class='ocrx_word' id='word_1_197' title='bbox 138 1836 315 1877; x_wconf 86' lang='lat' dir='ltr'>salutem</span> <span class='ocrx_word' id='word_1_198' title='bbox 337 1836 379 1876; x_wconf 92' lang='lat' dir='ltr'>in</span> <span class='ocrx_word' id='word_1_199' title='bbox 397 1835 585 1877; x_wconf 90' lang='lat' dir='ltr'>Domino</span> <span class='ocrx_word' id='word_1_200' title='bbox 600 1834 912 1889; x_wconf 88' lang='lat' dir='ltr'>sempiternam.</span> <span class='ocrx_word' id='word_1_201' title='bbox 977 1832 1194 1874; x_wconf 89' lang='lat' dir='ltr'>Noveritis</span> <span class='ocrx_word' id='word_1_202' title='bbox 1210 1848 1287 1874; x_wconf 90' lang='lat' dir='ltr'>nos</span> <span class='ocrx_word' id='word_1_203' title='bbox 1304 1834 1561 1876; x_wconf 85' lang='lat' dir='ltr'>concessisse</span> 
     </span>
     <span class='ocr_line' id='line_1_26' title="bbox 35 1890 1565 1948; baseline -0.001 -13"><span class='ocrx_word' id='word_1_204' title='bbox 35 1903 76 1935; x_wconf 86' lang='lat' dir='ltr'>et</span> <span class='ocrx_word' id='word_1_205' title='bbox 97 1893 295 1948; x_wconf 80' lang='lat' dir='ltr'>praesenti</span> <span class='ocrx_word' id='word_1_206' title='bbox 331 1893 455 1934; x_wconf 90' lang='lat' dir='ltr'>litera</span> <span class='ocrx_word' id='word_1_207' title='bbox 484 1900 631 1933; x_wconf 86' lang='lat' dir='ltr'>nostra</span> <span class='ocrx_word' id='word_1_208' title='bbox 660 1891 947 1939; x_wconf 86' lang='lat' dir='ltr'>confirmasse,</span> <span class='ocrx_word' id='word_1_209' title='bbox 982 1890 1139 1931; x_wconf 90' lang='lat' dir='ltr'>dilecto</span> <span class='ocrx_word' id='word_1_210' title='bbox 1168 1890 1290 1931; x_wconf 88' lang='lat' dir='ltr'>nobis</span> <span class='ocrx_word' id='word_1_211' title='bbox 1322 1891 1365 1931; x_wconf 93' lang='lat' dir='ltr'>in</span> <span class='ocrx_word' id='word_1_212' title='bbox 1390 1892 1565 1933; x_wconf 89' lang='lat' dir='ltr'>Christo</span> 
     </span>
     <span class='ocr_line' id='line_1_27' title="bbox 39 1947 1564 2006; baseline -0.001 -14"><span class='ocrx_word' id='word_1_213' title='bbox 39 1951 266 1992; x_wconf 84' lang='lat' dir='ltr'>Willielmo</span> <span class='ocrx_word' id='word_1_214' title='bbox 289 1951 440 2006; x_wconf 86' lang='lat' dir='ltr'>Smyth</span> <span class='ocrx_word' id='word_1_215' title='bbox 472 1950 525 1991; x_wconf 87' lang='lat' dir='ltr'>de</span> <span class='ocrx_word' id='word_1_216' title='bbox 551 1949 858 2005; x_wconf 83' lang='lat' dir='ltr'>Nunstaynton</span> <span class='ocrx_word' id='word_1_217' title='bbox 878 1947 1061 1988; x_wconf 88' lang='lat' dir='ltr'>officium</span> <span class='ocrx_word' id='word_1_218' title='bbox 1084 1947 1327 1990; x_wconf 82' lang='lat' dir='ltr'>stabulariae</span> <span class='ocrx_word' id='word_1_219' title='bbox 1348 1948 1391 1989; x_wconf 91' lang='lat' dir='ltr'>in</span> <span class='ocrx_word' id='word_1_220' title='bbox 1417 1950 1564 1990; x_wconf 90' lang='lat' dir='ltr'>Abba-</span> 
     </span>
     <span class='ocr_line' id='line_1_28' title="bbox 35 2005 1564 2057; baseline -0.001 -8"><span class='ocrx_word' id='word_1_221' title='bbox 35 2007 123 2049; x_wconf 78' lang='lat' dir='ltr'>thia</span> <span class='ocrx_word' id='word_1_222' title='bbox 151 2017 297 2049; x_wconf 89' lang='lat' dir='ltr'>nostra</span> <span class='ocrx_word' id='word_1_223' title='bbox 328 2007 624 2057; x_wconf 85' lang='lat' dir='ltr'>Dunelmensi,</span> <span class='ocrx_word' id='word_1_224' title='bbox 656 2006 901 2047; x_wconf 86' lang='lat' dir='ltr'>habendum</span> <span class='ocrx_word' id='word_1_225' title='bbox 927 2013 972 2046; x_wconf 87' lang='lat' dir='ltr'>et</span> <span class='ocrx_word' id='word_1_226' title='bbox 1000 2005 1233 2046; x_wconf 80' lang='lat' dir='ltr'>tenendum</span> <span class='ocrx_word' id='word_1_227' title='bbox 1256 2006 1311 2046; x_wconf 88' lang='lat' dir='ltr'>ad</span> <span class='ocrx_word' id='word_1_228' title='bbox 1332 2006 1564 2047; x_wconf 85' lang='lat' dir='ltr'>terminum</span> 
     </span>
     <span class='ocr_line' id='line_1_29' title="bbox 35 2062 1565 2120; baseline 0 -14"><span class='ocrx_word' id='word_1_229' title='bbox 35 2065 134 2106; x_wconf 83' lang='lat' dir='ltr'>vitae</span> <span class='ocrx_word' id='word_1_230' title='bbox 167 2080 282 2114; x_wconf 84' lang='lat' dir='ltr'>suae3</span> <span class='ocrx_word' id='word_1_231' title='bbox 314 2066 396 2116; x_wconf 91' lang='lat' dir='ltr'>cui,</span> <span class='ocrx_word' id='word_1_232' title='bbox 435 2080 513 2119; x_wconf 90' lang='lat' dir='ltr'>pro</span> <span class='ocrx_word' id='word_1_233' title='bbox 544 2064 750 2120; x_wconf 91' lang='lat' dir='ltr'>obsequio</span> <span class='ocrx_word' id='word_1_234' title='bbox 785 2078 862 2104; x_wconf 90' lang='lat' dir='ltr'>suo</span> <span class='ocrx_word' id='word_1_235' title='bbox 893 2063 935 2103; x_wconf 90' lang='lat' dir='ltr'>in</span> <span class='ocrx_word' id='word_1_236' title='bbox 966 2062 1117 2104; x_wconf 91' lang='lat' dir='ltr'>eodem</span> <span class='ocrx_word' id='word_1_237' title='bbox 1141 2062 1280 2103; x_wconf 89' lang='lat' dir='ltr'>officio</span> <span class='ocrx_word' id='word_1_238' title='bbox 1316 2063 1500 2104; x_wconf 89' lang='lat' dir='ltr'>fideliter</span> <span class='ocrx_word' id='word_1_239' title='bbox 1521 2072 1565 2106; x_wconf 85' lang='lat' dir='ltr'>et</span> 
     </span>
     <span class='ocr_line' id='line_1_30' title="bbox 36 2119 1564 2178; baseline -0.002 -14"><span class='ocrx_word' id='word_1_240' title='bbox 36 2123 272 2173; x_wconf 83' lang='lat' dir='ltr'>efficaciter,</span> <span class='ocrx_word' id='word_1_241' title='bbox 319 2123 521 2178; x_wconf 89' lang='lat' dir='ltr'>quamdiu</span> <span class='ocrx_word' id='word_1_242' title='bbox 562 2122 708 2174; x_wconf 83' lang='lat' dir='ltr'>vigens</span> <span class='ocrx_word' id='word_1_243' title='bbox 758 2121 1001 2159; x_wconf 85' lang='lat' dir='ltr'>valetudine</span> <span class='ocrx_word' id='word_1_244' title='bbox 1040 2119 1250 2172; x_wconf 87' lang='lat' dir='ltr'>corporali</span> <span class='ocrx_word' id='word_1_245' title='bbox 1289 2121 1479 2174; x_wconf 87' lang='lat' dir='ltr'>potuerit</span> <span class='ocrx_word' id='word_1_246' title='bbox 1518 2121 1564 2161; x_wconf 69' lang='lat' dir='ltr'>ini</span> 
     </span>
     <span class='ocr_line' id='line_1_31' title="bbox 35 2175 1562 2235; baseline -0.001 -15"><span class='ocrx_word' id='word_1_247' title='bbox 35 2179 128 2235; x_wconf 87' lang='lat' dir='ltr'>ipso</span> <span class='ocrx_word' id='word_1_248' title='bbox 149 2179 377 2230; x_wconf 89' lang='lat' dir='ltr'>deservire,</span> <span class='ocrx_word' id='word_1_249' title='bbox 411 2177 715 2234; x_wconf 87' lang='lat' dir='ltr'>impendendo,</span> <span class='ocrx_word' id='word_1_250' title='bbox 749 2175 1023 2217; x_wconf 86' lang='lat' dir='ltr'>concedimus</span> <span class='ocrx_word' id='word_1_251' title='bbox 1053 2176 1229 2229; x_wconf 76' lang='lat' dir='ltr'>singulis</span> <span class='ocrx_word' id='word_1_252' title='bbox 1250 2175 1398 2217; x_wconf 89' lang='lat' dir='ltr'>diebus</span> <span class='ocrx_word' id='word_1_253' title='bbox 1429 2192 1562 2219; x_wconf 88' lang='lat' dir='ltr'>unum</span> 
     </span>
     <span class='ocr_line' id='line_1_32' title="bbox 35 2232 1565 2292; baseline -0.002 -14"><span class='ocrx_word' id='word_1_254' title='bbox 35 2251 187 2292; x_wconf 89' lang='lat' dir='ltr'>panem</span> <span class='ocrx_word' id='word_1_255' title='bbox 210 2238 263 2279; x_wconf 88' lang='lat' dir='ltr'>de</span> <span class='ocrx_word' id='word_1_256' title='bbox 286 2237 537 2278; x_wconf 88' lang='lat' dir='ltr'>secundario</span> <span class='ocrx_word' id='word_1_257' title='bbox 553 2236 665 2285; x_wconf 89' lang='lat' dir='ltr'>albo,</span> <span class='ocrx_word' id='word_1_258' title='bbox 688 2249 816 2274; x_wconf 85' lang='lat' dir='ltr'>unam</span> <span class='ocrx_word' id='word_1_259' title='bbox 833 2233 1029 2289; x_wconf 84' lang='lat' dir='ltr'>lagenam</span> <span class='ocrx_word' id='word_1_260' title='bbox 1051 2232 1251 2282; x_wconf 79' lang='lat' dir='ltr'>servisiae,</span> <span class='ocrx_word' id='word_1_261' title='bbox 1275 2241 1319 2273; x_wconf 93' lang='lat' dir='ltr'>et</span> <span class='ocrx_word' id='word_1_262' title='bbox 1339 2234 1565 2276; x_wconf 84' lang='lat' dir='ltr'>servicium</span> 
     </span>
     <span class='ocr_line' id='line_1_33' title="bbox 36 2290 1564 2350; baseline -0.003 -14"><span class='ocrx_word' id='word_1_263' title='bbox 36 2295 95 2336; x_wconf 64' lang='lat' dir='ltr'>de&gt;</span> <span class='ocrx_word' id='word_1_264' title='bbox 127 2294 310 2350; x_wconf 87' lang='lat' dir='ltr'>coquina</span> <span class='ocrx_word' id='word_1_265' title='bbox 341 2294 529 2336; x_wconf 87' lang='lat' dir='ltr'>carnium</span> <span class='ocrx_word' id='word_1_266' title='bbox 562 2294 628 2334; x_wconf 88' lang='lat' dir='ltr'>vel</span> <span class='ocrx_word' id='word_1_267' title='bbox 663 2291 855 2346; x_wconf 83' lang='lat' dir='ltr'>piscium,</span> <span class='ocrx_word' id='word_1_268' title='bbox 878 2297 1006 2345; x_wconf 85' lang='lat' dir='ltr'>prout</span> <span class='ocrx_word' id='word_1_269' title='bbox 1037 2297 1206 2344; x_wconf 90' lang='lat' dir='ltr'>tempus</span> <span class='ocrx_word' id='word_1_270' title='bbox 1227 2290 1418 2345; x_wconf 85' lang='lat' dir='ltr'>requirit,</span> <span class='ocrx_word' id='word_1_271' title='bbox 1442 2292 1564 2332; x_wconf 73' lang='lat' dir='ltr'>sicud</span> 
     </span>
     <span class='ocr_line' id='line_1_34' title="bbox 36 2346 1564 2402; baseline -0.003 -10"><span class='ocrx_word' id='word_1_272' title='bbox 36 2352 126 2392; x_wconf 85' lang='lat' dir='ltr'>aliis</span> <span class='ocrx_word' id='word_1_273' title='bbox 148 2351 347 2392; x_wconf 84' lang='lat' dir='ltr'>ministris</span> <span class='ocrx_word' id='word_1_274' title='bbox 381 2351 547 2400; x_wconf 79' lang='lat' dir='ltr'>nostris,</span> <span class='ocrx_word' id='word_1_275' title='bbox 585 2349 785 2390; x_wconf 80' lang='lat' dir='ltr'>videlicet</span> <span class='ocrx_word' id='word_1_276' title='bbox 811 2348 951 2388; x_wconf 86' lang='lat' dir='ltr'>Alano</span> <span class='ocrx_word' id='word_1_277' title='bbox 986 2347 1040 2387; x_wconf 92' lang='lat' dir='ltr'>de</span> <span class='ocrx_word' id='word_1_278' title='bbox 1064 2346 1365 2401; x_wconf 85' lang='lat' dir='ltr'>Coldyngham</span> <span class='ocrx_word' id='word_1_279' title='bbox 1386 2349 1564 2402; x_wconf 87' lang='lat' dir='ltr'>subpor-</span> 
     </span>
     <span class='ocr_line' id='line_1_35' title="bbox 37 2402 1568 2458; baseline -0.003 -8"><span class='ocrx_word' id='word_1_280' title='bbox 37 2410 146 2450; x_wconf 84' lang='lat' dir='ltr'>tario</span> <span class='ocrx_word' id='word_1_281' title='bbox 166 2416 325 2458; x_wconf 85' lang='lat' dir='ltr'>nostro,</span> <span class='ocrx_word' id='word_1_282' title='bbox 362 2416 405 2449; x_wconf 88' lang='lat' dir='ltr'>et</span> <span class='ocrx_word' id='word_1_283' title='bbox 425 2407 612 2449; x_wconf 77' lang='lat' dir='ltr'>Johanni</span> <span class='ocrx_word' id='word_1_284' title='bbox 632 2406 686 2447; x_wconf 88' lang='lat' dir='ltr'>de</span> <span class='ocrx_word' id='word_1_285' title='bbox 707 2405 883 2446; x_wconf 83' lang='lat' dir='ltr'>l&#39;Rodes</span> <span class='ocrx_word' id='word_1_286' title='bbox 920 2402 1116 2444; x_wconf 88' lang='lat' dir='ltr'>servienti</span> <span class='ocrx_word' id='word_1_287' title='bbox 1138 2402 1181 2442; x_wconf 87' lang='lat' dir='ltr'>in</span> <span class='ocrx_word' id='word_1_288' title='bbox 1203 2404 1299 2445; x_wconf 88' lang='lat' dir='ltr'>aula</span> <span class='ocrx_word' id='word_1_289' title='bbox 1318 2404 1568 2446; x_wconf 82' lang='lat' dir='ltr'>hostillariae</span> 
     </span>
     <span class='ocr_line' id='line_1_36' title="bbox 36 2460 1564 2521; baseline -0.003 -14"><span class='ocrx_word' id='word_1_290' title='bbox 36 2475 204 2516; x_wconf 80' lang='lat' dir='ltr'>nostrae,</span> <span class='ocrx_word' id='word_1_291' title='bbox 227 2480 306 2521; x_wconf 90' lang='lat' dir='ltr'>pro</span> <span class='ocrx_word' id='word_1_292' title='bbox 327 2473 519 2520; x_wconf 91' lang='lat' dir='ltr'>tempore</span> <span class='ocrx_word' id='word_1_293' title='bbox 541 2462 768 2517; x_wconf 85' lang='lat' dir='ltr'>contigerit</span> <span class='ocrx_word' id='word_1_294' title='bbox 789 2461 1040 2508; x_wconf 84' lang='lat' dir='ltr'>ministrari3</span> <span class='ocrx_word' id='word_1_295' title='bbox 1073 2467 1116 2501; x_wconf 86' lang='lat' dir='ltr'>et</span> <span class='ocrx_word' id='word_1_296' title='bbox 1137 2473 1214 2513; x_wconf 84' lang='lat' dir='ltr'>pro</span> <span class='ocrx_word' id='word_1_297' title='bbox 1232 2460 1385 2501; x_wconf 86' lang='lat' dir='ltr'>salario</span> <span class='ocrx_word' id='word_1_298' title='bbox 1406 2476 1483 2503; x_wconf 89' lang='lat' dir='ltr'>suo</span> <span class='ocrx_word' id='word_1_299' title='bbox 1504 2468 1564 2506; x_wconf 53' lang='grc' dir='ltr'>νε.</span> 
     </span>
     <span class='ocr_line' id='line_1_37' title="bbox 38 2516 1566 2576; baseline -0.003 -11"><span class='ocrx_word' id='word_1_300' title='bbox 38 2525 254 2565; x_wconf 84' lang='lat' dir='ltr'>annuatim</span> <span class='ocrx_word' id='word_1_301' title='bbox 276 2537 324 2564; x_wconf 90' lang='lat' dir='ltr'>ac</span> <span class='ocrx_word' id='word_1_302' title='bbox 348 2537 476 2563; x_wconf 92' lang='lat' dir='ltr'>unum</span> <span class='ocrx_word' id='word_1_303' title='bbox 497 2527 848 2576; x_wconf 84' lang='lat' dir='ltr'>garmamentum,</span> <span class='ocrx_word' id='word_1_304' title='bbox 873 2519 982 2559; x_wconf 88' lang='lat' dir='ltr'>sicut</span> <span class='ocrx_word' id='word_1_305' title='bbox 1004 2516 1095 2557; x_wconf 88' lang='lat' dir='ltr'>aliis</span> <span class='ocrx_word' id='word_1_306' title='bbox 1117 2516 1297 2558; x_wconf 87' lang='lat' dir='ltr'>minitris</span> <span class='ocrx_word' id='word_1_307' title='bbox 1319 2518 1566 2560; x_wconf 85' lang='lat' dir='ltr'>hostillariae</span> 
     </span>
     <span class='ocr_line' id='line_1_38' title="bbox 39 2573 1572 2632; baseline -0.003 -10"><span class='ocrx_word' id='word_1_308' title='bbox 39 2581 233 2623; x_wconf 82' lang='lat' dir='ltr'>videlicet</span> <span class='ocrx_word' id='word_1_309' title='bbox 268 2579 567 2622; x_wconf 88' lang='lat' dir='ltr'>subforestario</span> <span class='ocrx_word' id='word_1_310' title='bbox 603 2586 645 2620; x_wconf 91' lang='lat' dir='ltr'>et</span> <span class='ocrx_word' id='word_1_311' title='bbox 675 2575 907 2632; x_wconf 87' lang='lat' dir='ltr'>sumptario</span> <span class='ocrx_word' id='word_1_312' title='bbox 937 2574 1027 2615; x_wconf 88' lang='lat' dir='ltr'>dari</span> <span class='ocrx_word' id='word_1_313' title='bbox 1049 2573 1281 2631; x_wconf 83' lang='lat' dir='ltr'>continget.</span> <span class='ocrx_word' id='word_1_314' title='bbox 1343 2575 1443 2630; x_wconf 90' lang='lat' dir='ltr'>Ipso</span> <span class='ocrx_word' id='word_1_315' title='bbox 1465 2591 1572 2618; x_wconf 83' lang='lat' dir='ltr'>vero-</span> 
     </span>
     <span class='ocr_line' id='line_1_39' title="bbox 43 2630 1565 2685; baseline -0.002 -7"><span class='ocrx_word' id='word_1_316' title='bbox 43 2637 267 2680; x_wconf 89' lang='lat' dir='ltr'>Willielmo</span> <span class='ocrx_word' id='word_1_317' title='bbox 282 2637 512 2680; x_wconf 88' lang='lat' dir='ltr'>senectutis</span> <span class='ocrx_word' id='word_1_318' title='bbox 532 2635 804 2678; x_wconf 88' lang='lat' dir='ltr'>incommodo</span> <span class='ocrx_word' id='word_1_319' title='bbox 826 2633 1058 2681; x_wconf 90' lang='lat' dir='ltr'>confracto,</span> <span class='ocrx_word' id='word_1_320' title='bbox 1079 2631 1146 2672; x_wconf 87' lang='lat' dir='ltr'>vel</span> <span class='ocrx_word' id='word_1_321' title='bbox 1167 2631 1210 2672; x_wconf 89' lang='lat' dir='ltr'>in</span> <span class='ocrx_word' id='word_1_322' title='bbox 1232 2630 1307 2673; x_wconf 87' lang='lat' dir='ltr'>tali</span> <span class='ocrx_word' id='word_1_323' title='bbox 1324 2633 1565 2685; x_wconf 86' lang='lat' dir='ltr'>egritudine</span> 
     </span>
     <span class='ocr_line' id='line_1_40' title="bbox 40 2688 1566 2751; baseline -0.003 -16"><span class='ocrx_word' id='word_1_324' title='bbox 40 2695 283 2746; x_wconf 87' lang='lat' dir='ltr'>constituto,</span> <span class='ocrx_word' id='word_1_325' title='bbox 316 2696 432 2751; x_wconf 86' lang='lat' dir='ltr'>quod</span> <span class='ocrx_word' id='word_1_326' title='bbox 463 2709 550 2736; x_wconf 90' lang='lat' dir='ltr'>non</span> <span class='ocrx_word' id='word_1_327' title='bbox 578 2694 736 2748; x_wconf 88' lang='lat' dir='ltr'>poterit</span> <span class='ocrx_word' id='word_1_328' title='bbox 766 2690 942 2733; x_wconf 89' lang='lat' dir='ltr'>ulterius</span> <span class='ocrx_word' id='word_1_329' title='bbox 974 2689 1017 2729; x_wconf 87' lang='lat' dir='ltr'>in</span> <span class='ocrx_word' id='word_1_330' title='bbox 1038 2688 1154 2729; x_wconf 91' lang='lat' dir='ltr'>dicto</span> <span class='ocrx_word' id='word_1_331' title='bbox 1176 2688 1314 2730; x_wconf 88' lang='lat' dir='ltr'>officio</span> <span class='ocrx_word' id='word_1_332' title='bbox 1336 2690 1566 2741; x_wconf 82' lang='lat' dir='ltr'>deservire,</span> 
     </span>
     <span class='ocr_line' id='line_1_41' title="bbox 42 2746 1567 2809; baseline -0.003 -16"><span class='ocrx_word' id='word_1_333' title='bbox 42 2753 309 2796; x_wconf 86' lang='lat' dir='ltr'>concedimus</span> <span class='ocrx_word' id='word_1_334' title='bbox 330 2753 369 2795; x_wconf 86' lang='lat' dir='ltr'>ei</span> <span class='ocrx_word' id='word_1_335' title='bbox 390 2766 445 2795; x_wconf 82' lang='lat' dir='ltr'>ex</span> <span class='ocrx_word' id='word_1_336' title='bbox 461 2760 556 2809; x_wconf 86' lang='lat' dir='ltr'>post</span> <span class='ocrx_word' id='word_1_337' title='bbox 577 2750 814 2808; x_wconf 80' lang='lat' dir='ltr'>proximam</span> <span class='ocrx_word' id='word_1_338' title='bbox 836 2756 1076 2791; x_wconf 84' lang='lat' dir='ltr'>vacaturam</span> <span class='ocrx_word' id='word_1_339' title='bbox 1100 2746 1141 2787; x_wconf 88' lang='lat' dir='ltr'>in</span> <span class='ocrx_word' id='word_1_340' title='bbox 1163 2746 1400 2789; x_wconf 83' lang='lat' dir='ltr'>lufirmaria</span> <span class='ocrx_word' id='word_1_341' title='bbox 1422 2759 1567 2790; x_wconf 82' lang='lat' dir='ltr'>nostra</span> 
     </span>
    </p>
   </div>
  </div>
 </body>
</html>
