1807 2962
477 68 806 108 WILLIELMUS
843 77 910 108 DE
948 69 1211 109 c'HAMssRE.
1486 66 1574 110 131

49 190 90 228 et'
114 186 263 228 ultimo
279 185 347 227 die
369 183 557 240 ejusdem
579 184 732 226 mensis
750 183 1020 224 consumatus
1036 193 1077 224 et
1091 182 1341 224 installatus
1381 183 1467 223 Hic
1486 195 1576 226 etat

48 244 110 284 vii·
125 243 302 299 sapiens,
321 243 535 309 eloquens,
560 251 600 284 et
624 242 785 283 multos
800 251 989 296 tempore
1011 256 1088 282 suo
1110 241 1269 296 recepit
1293 240 1347 281 ad
1369 240 1573 283 habitum

51 302 137 343 Hic
173 303 417 343 construxit
453 315 497 341 m
533 299 770 357 aquilonali
803 309 921 354 parte
955 298 1144 339 ecclesiae
1182 299 1330 347 mucis,
1364 299 1417 338 ad
1440 298 1573 340 altare

46 367 286 400 sanctorum
320 357 609 400 confessorum
645 356 841 399 Nicholai
873 366 915 398 et
940 356 1095 410 Egidii,
1124 357 1354 397 fenestram
1377 371 1573 410 magnam

48 418 239 467 vitream,
272 431 369 457 cum
401 416 493 457 aliis
521 417 655 457 tlibus
677 416 872 457 fenesnis
895 415 1141 464 minoribus,
1166 423 1209 455 et
1230 413 1454 464 cidinavit,
1479 429 1575 454 cum

46 485 258 516 consensu
296 474 502 530 Capituli,
539 474 656 530 quod
692 474 872 515 haberet
904 472 1055 513 futuris
1088 471 1361 526 temporibus,
1384 471 1576 527 quolibet

46 532 127 583 die,
159 547 238 587 pro
269 531 412 573 anima
447 547 536 599 sua,
576 546 703 573 unam
734 531 905 572 missam
933 530 985 571 ad
1010 529 1170 571 dictum
1193 527 1325 571 altare
1346 544 1422 584 per
1443 545 1574 571 unum

45 590 323 639 monachum3
355 604 435 644 pro
466 591 584 645 cujus
615 589 836 644 pensione,
870 597 913 629 et
944 588 1153 629 dictalum
1184 587 1461 628 fenestratum
1484 603 1574 628 sns-

44 647 293 698 tentatione,
327 658 370 689 et
390 657 467 702 pro
489 647 701 702 pitantia'
692 663 734 688 m
752 647 821 687 die
842 645 1116 687 anniversarii
1138 645 1201 686 sni
1223 645 1432 696 facienda,
1458 646 1573 687 Con-

44 706 189 747 ventui
221 715 352 748 terras
384 714 427 747 et
457 705 618 746 reditus
651 703 951 760 appropriavit,
975 713 1017 745 et
1039 704 1254 744 communi
1276 704 1422 744 domui
1444 705 1576 758 assig-

45 763 173 806 navit.
236 763 384 805 Unum
425 763 724 804 vestimentum
766 762 992 816 integrum,
1028 776 1124 802 cum
1158 762 1290 802 tribus
1327 761 1456 816 capis,
1495 776 1572 816 pro

42 821 326 863 anniversario
357 833 448 871 suo,
480 821 584 862 emit
606 830 650 861 et
672 820 910 877 assignavit.
975 819 1063 860 Hic
1085 820 1224 861 statim
1242 820 1371 874 juxta
1391 819 1572 861 formam

43 879 371 921 consecrationis
389 878 613 920 Benedicti
632 879 841 931 [Christi]
854 879 971 932 (sic)
990 877 1088 918 fecit
1106 877 1364 918 inventarios
1378 877 1572 918 indentau

43 945 109 979 tos
141 937 194 979 de
225 936 419 978 omnibus
441 937 566 978 bonis
588 936 859 986 Monasterii,
884 945 970 977 tam
994 935 1100 976 infra
1121 950 1246 991 quam
1271 947 1422 984 extra3
1454 937 1574 989 cujus

42 1010 125 1036 una
155 1010 252 1050 pars
283 995 494 1036 residebat
524 1008 657 1049 penes
688 994 894 1042 Priorem,
919 993 1053 1034 altera
1075 1007 1204 1047 penes
1230 994 1505 1048 Subpriorem
1529 1003 1571 1034 et

42 1053 336 1095 Conventum:
369 1053 661 1108 ordinavitque
683 1052 760 1093 sibi
781 1052 1017 1093 bursarium
1045 1051 1279 1092 Robertum
1302 1052 1357 1092 de
1386 1051 1567 1101 Benton,

39 1112 175 1151 virum
208 1110 432 1166 providum
471 1119 513 1151 et
542 1110 784 1159 discretum,
818 1109 889 1165 qni
917 1109 960 1149 in
996 1123 1035 1149 νι
1074 1110 1193 1149 annis
1215 1109 1366 1164 quibus
1389 1110 1430 1149 in
1453 1109 1569 1150 (licto

39 1168 179 1209 officio
193 1168 322 1218 stetit,
341 1168 465 1208 solvit
484 1168 536 1208 (le
554 1167 737 1223 antiquis
754 1167 911 1208 debitis
931 1166 1174 1208 monasterii
1194 1169 1307 1209 758l.
1325 1171 1385 1210 35.
1407 1170 1475 1210 δά.
1497 1168 1565 1208 ob.

41 1226 150 1267 Item
187 1241 267 1281 pro
303 1235 514 1268 structura
546 1225 769 1266 domorum
806 1239 883 1280 per
920 1224 1032 1265 idem
1069 1234 1235 1278 tempus
1270 1227 1381 1268 4922.
1409 1227 1468 1268 73.
1495 1229 1563 1267 w.

40 1284 149 1325 Item
176 1284 217 1324 in
240 1283 623 1325 contributionibus
644 1298 722 1338 per
743 1283 857 1324 idem
876 1293 1039 1336 tempus
1063 1285 1177 1323 209l.
1200 1286 1261 1323 53.
1285 1285 1355 1323 sd,
1413 1283 1567 1324 Postea

40 1351 139 1383 vero
170 1341 281 1383 idem
317 1341 439 1383 Prior
461 1341 558 1381 fecit
580 1356 658 1396 per
679 1341 1009 1382 obedientiarios
1032 1349 1073 1380 ct
1098 1339 1402 1381 ministratores
1424 1341 1566 1382 omnia

37 1399 220 1441 missalia
252 1400 360 1440 infra
391 1400 660 1453 septennium
695 1399 749 1440 de
785 1414 895 1439 novo
933 1397 1131 1452 reparari,
1168 1400 1259 1452 ipso
1297 1398 1443 1439 Priore
1465 1397 1566 1439 inci-

36 1457 180 1512 piente
215 1458 269 1499 de
303 1457 457 1498 missali
494 1457 609 1512 quod
638 1456 756 1511 jacet
786 1457 840 1498 ad
876 1457 1008 1497 altare
1038 1464 1279 1496 sanctornm
1306 1456 1501 1497 Nicliolai
1524 1466 1566 1498 ct

38 1514 215 1569 AEgidii,
250 1530 328 1570 pro
361 1531 447 1571 quo
481 1514 607 1556 solvit
643 1514 696 1555 de
732 1514 1018 1555 oblationibus
1050 1513 1132 1554 suis
1155 1516 1239 1557 222.
1303 1514 1413 1555 Item
1437 1530 1564 1556 unam

38 1573 297 1623 Cantariam,
331 1589 427 1629 quae
458 1573 511 1614 de
535 1572 749 1614 Trinitate
772 1574 1028 1621 nominatur,
1054 1572 1106 1614 de
1130 1586 1336 1612 consensu
1364 1574 1565 1614 Conven-

37 1639 103 1671 tus
134 1630 344 1672 ordinavit
376 1632 419 1671 in
452 1630 567 1671 dicto
599 1630 719 1671 altari
752 1640 960 1685 perpetuo
992 1630 1320 1679 celebrandam3
1359 1631 1412 1671 ad
1445 1632 1564 1686 cujus

35 1688 385 1730 sustentationem
400 1696 530 1729 terras
547 1696 590 1729 et
608 1697 854 1729 tenementa
872 1688 912 1727 in
931 1687 1321 1742 Nortlipittington,
1344 1688 1564 1730 Woulston

35 1755 78 1787 et
114 1746 372 1801 Billingham
403 1747 456 1787 de
487 1745 660 1787 licentia
693 1746 893 1800 Episcopi
916 1745 1029 1795 emit,
1054 1761 1132 1800 pro
1154 1745 1306 1800 quibus
1328 1746 1454 1787 solvit
1477 1748 1561 1791 66l.

40 1807 126 1848 10³.
152 1807 219 1848 9d.
273 1805 330 1845 Et
351 1819 429 1860 pro
451 1803 643 1845 aedificiis
667 1804 823 1844 ibidem
843 1803 964 1844 factis
982 1813 1024 1844 et
1041 1805 1245 1858 reparatis
1269 1806 1352 1846 20l.
1409 1805 1566 1846 Forma

35 1870 176 1904 autem
209 1862 488 1904 ordinationis
520 1861 646 1903 dictae
676 1861 892 1903 Cantariae
914 1861 1110 1902 scribitur
1131 1863 1174 1901 in
1198 1860 1498 1918 Martirolooio
1521 1872 1564 1904 et

34 1919 77 1961 in
110 1920 318 1975 principio
352 1919 527 1961 missalis
558 1919 662 1961 dicti
692 1919 852 1963 altaris.
916 1919 1035 1960 Idem
1074 1919 1195 1959 I'ii01
1217 1918 1565 1962 01d1nr1v1tdieto

35 1977 154 2019 altari
179 1993 307 2020 unum
329 1977 517 2028 calicem,
536 1978 718 2033 pletium
743 1978 799 2019 6l.
827 1981 876 2018 13
860 1992 911 2018 s.
935 1980 1004 2021 4d.
1030 1991 1112 2018 una
1129 1991 1226 2018 cum
1244 1978 1378 2018 tribus
1396 1979 1501 2019 albis
1519 1989 1562 2020 et

35 2036 183 2077 casulis
219 2044 262 2077 et
293 2036 431 2092 palliis
464 2036 620 2080 altaris,
688 2037 796 2077 Item
830 2035 1033 2090 imagines
1064 2045 1224 2076 sanctae
1261 2035 1484 2077 Trinitatis
1518 2047 1562 2079 et

35 2093 171 2135 beatae
202 2094 402 2151 Virginis,
440 2094 494 2135 de
525 2094 750 2143 alabastro,
779 2108 875 2135 cum
899 2092 1182 2135 tabernaculis
1204 2108 1300 2134 cum
1322 2093 1414 2135 aliis
1436 2110 1561 2136 orna-

35 2153 202 2202 mentis,
237 2152 420 2207 pretium
455 2155 540 2196 222.
605 2152 719 2193 Item
751 2151 853 2193 fecit
888 2167 1012 2193 unam
1047 2151 1274 2192 fenestram
1307 2165 1350 2191 V1
1383 2152 1561 2194 lumina-

33 2208 157 2260 rium,
198 2210 370 2265 longam
413 2219 455 2252 et
491 2219 799 2265 sumptuosam,
834 2210 874 2250 in
909 2209 1069 2251 boreali
1106 2219 1226 2264 parte
1263 2210 1398 2250 crucis
1434 2210 1560 2252 dietae

33 2267 236 2318 ecclesiae,
265 2270 392 2322 juxta
424 2269 586 2309 dictum
609 2268 755 2318 altare,
780 2282 857 2322 pro
879 2283 962 2323 qua
983 2267 1107 2308 solvit
1135 2270 1245 2310 lool.
1270 2277 1312 2308 et
1334 2282 1411 2321 pro
1433 2268 1559 2308 vitre-

31 2325 172 2367 atione
205 2329 292 2368 522.
356 2326 504 2378 [Item,
537 2341 616 2380 pro
647 2326 834 2367 fenestra
859 2326 984 2380 juxta
1005 2325 1151 2374 altare,
1176 2327 1219 2365 in
1241 2334 1360 2379 parte
1383 2325 1558 2375 boreali,

31 2383 298 2424 cementariis
320 2392 362 2425 et
384 2383 591 2433 viti-iariis,
615 2386 703 2424 xxl.
768 2383 890 2433 Item,
914 2398 991 2437 pro
1014 2381 1253 2423 vitriatione
1275 2382 1401 2423 trium
1423 2383 1560 2423 fenes-

31 2448 208 2490 trarum,
236 2455 291 2482 ex
324 2449 443 2495 parte
475 2441 684 2521 orientali,
722 2455 847 2495 supra
874 2440 1024 2482 altaria
1053 2438 1273 2481 Trinitatis
1297 2440 1498 2494 Gregorii
1515 2448 1559 2482 et

34 2498 275 2548 Benedicti,
318 2499 421 2552 xiij1.
463 2499 535 2553 vj⁵
577 2498 679 2552 viijd.
756 2498 879 2548 Item,
918 2512 995 2552 pro
1038 2496 1169 2538 tribus
1192 2497 1320 2552 capis,
1352 2497 1552 2552 jcasula,

33 2556 200 2597 duobus
233 2556 399 2597 tuniclis
430 2570 524 2597 cum
549 2570 632 2596 una
651 2556 761 2605 alba,
784 2555 838 2596 de
860 2555 1021 2596 sentlali
1045 2555 1225 2606 velveto,
1249 2556 1556 2611 quinquaginta

33 2613 172 2656 libras.
250 2614 375 2664 Item,
419 2629 502 2655 una
534 2614 631 2655 alba
664 2628 759 2655 cum
793 2613 902 2654 stola
934 2626 977 2654 et
1015 2614 1243 2669 manipula,
1287 2616 1340 2655 de
1376 2614 1554 2655 historia

31 2671 167 2713 beatae
205 2672 465 2723 Katherinae,
490 2686 645 2726 magno
668 2672 789 2713 altari
811 2671 940 2713 sancti
965 2671 1190 2713 Cuthbeiti
1212 2671 1435 2737 assignata,
1459 2687 1551 2727 pre

33 2730 136 2773 tium
159 2731 230 2786 11J¹.
252 2735 341 2789 inJS,
366 2730 455 2786 iiijd‚
522 2730 644 2783 Item,
668 2745 746 2787 pro
769 2745 850 2771 una
871 2744 1001 2786 parva
1021 2730 1211 2773 fenestra
1231 2730 1372 2773 facta
1362 2745 1405 2772 ιιι
1426 2745 1551 2772 cruce

762 2793 825 2830 12
