1807 2962
488 102 763 135 APPENDIX.
792 102 914 133 ANN.
946 102 1198 135 Mccchv.
1358 90 1586 138 cccxxxiii

54 225 142 251 non
181 209 306 251 Prior
350 209 650 252 Dunelmensis
691 223 747 250 ex
783 208 920 265 prima
955 209 1210 251 fundacione
1247 211 1488 255 monasterii
1523 223 1586 254 est

54 268 264 309 secundus
301 269 354 309 ab
391 267 603 323 Episcopo
628 267 904 308 Dunelmensi
927 267 969 308 in
992 267 1106 308 omni
1128 267 1335 324 dignitate
1357 279 1400 310 et
1427 269 1588 311 honore

58 326 253 376 Abbatis,
289 326 367 366 sub
400 326 571 367 nomine
598 325 768 375 Prioris,
800 324 908 366 infra
934 324 1166 366 Ecclesiam
1191 325 1524 367 Dunelmensem
1547 336 1589 368 et

54 392 191 425 extra.
261 383 315 424 Et
349 383 533 437 dignitas
574 382 790 424 Prioratus
830 383 1146 433 Dunelmensis,
1185 397 1242 424 ex
1278 398 1353 424 sua
1392 383 1589 438 primaria

54 441 330 490 fundacione,
374 441 504 482 habet
541 440 799 481 relacionem
833 440 888 481 ad
925 440 1162 482 Ecclesiam
1200 441 1514 482 Eboracensem
1549 442 1590 482 in

55 499 171 541 omni
208 499 385 548 honore,
405 499 614 547 libertate,
646 507 859 563 potestate
894 506 938 539 et
969 498 1194 554 dignitate,
1222 499 1401 540 Decano
1426 499 1589 540 Ebora-

55 557 167 598 censi
207 556 561 610 competentibus.
630 556 698 596 Ad
730 556 848 620 cujus
885 555 1057 612 quidem
1095 556 1283 597 ecclesiae
1315 556 1557 614 refugium
1548 572 1590 598 m

55 614 254 656 omnibus
303 613 511 668 ambiguis
558 622 602 654 et
644 612 812 654 incertis
853 613 1181 668 emergentibus,
1226 623 1369 655 nostra
1413 615 1590 656 ecclesia

58 672 250 714 Cathedi
253 671 327 712 ahs
353 670 653 712 Dunelmensis
675 670 805 712 habet
818 685 963 712 lecum
965 686 1047 721 ere,
1067 680 1109 712 et
1126 687 1201 727 per
1217 672 1394 713 eandem
1412 672 1587 713 avisari·
1577 703 1588 721 ‚

56 744 110 772 eo
132 729 249 786 quod
271 729 458 783 colligati
481 743 623 770 sumus
645 737 687 770 et
709 728 972 770 confederati
994 730 1046 771 ab
1068 730 1245 786 antiquo
1263 745 1274 779 3
1297 730 1425 771 nichil
1444 730 1590 771 videor

56 796 327 843 attemptare,
371 802 448 828 nec
490 787 642 836 debeo,
686 801 763 828 nec
800 786 994 838 intendo,
1030 788 1145 844 quod
1178 788 1305 829 dictae
1343 789 1590 830 veneiabilis

57 846 249 887 ecclesiae
285 844 563 887 Eboracensis
598 844 749 885 honori
783 853 825 886 et
858 844 991 900 quieti
1013 855 1153 900 posset
1175 846 1494 903 quomodolibet
1516 846 1591 887 de-

56 919 230 959 rogare3
261 903 475 959 quoniam,
514 902 547 943 si
580 903 742 958 aliquid
775 917 945 957 agerem
980 903 1019 944 in
1049 904 1130 945 hoc
1162 904 1341 970 negocio
1373 905 1588 953 ventilato,

56 962 175 1018 quod
205 962 339 1016 ipsam
373 961 595 1003 ecclesiam
634 961 948 1003 Eboracensem
984 961 1144 1004 dilecte
1180 962 1364 1017 respicit,
1388 971 1590 1018 tanquam

56 1028 234 1075 partem,
258 1028 474 1073 suspectus
489 1019 624 1073 judex
645 1029 688 1061 et
709 1019 900 1074 paicialis
925 1020 1072 1074 procul
1093 1021 1470 1077 dubiojudica1e.r
1534 1023 1591 1065 Et

56 1077 366 1127 nichilomian
410 1077 508 1133 quia
549 1076 853 1118 monasterium
894 1087 1051 1119 sanctae
1097 1079 1251 1120 Mariae
1294 1080 1588 1131 Eboracensis,

57 1136 176 1191 cujus
209 1150 335 1177 causa
361 1135 449 1190 jam
472 1144 676 1184 versatur,
702 1144 745 1177 et
767 1135 1064 1177 monaste1ium
1090 1146 1274 1178 nostrum
1300 1138 1590 1181 Dunelmense

57 1202 155 1235 sunt
184 1193 325 1250 ejusde
331 1208 369 1234 m
404 1192 560 1234 ordinis
589 1200 631 1234 et
661 1192 843 1243 habitus,
868 1204 909 1235 et
934 1209 1009 1235 nos
1031 1195 1281 1237 alterutrum
1304 1195 1533 1246 visitantes,
1558 1197 1591 1238 si

57 1253 333 1307 piocedeiem
365 1251 405 1292 in
439 1250 691 1308 cognicione
712 1251 954 1306 hujusmodi
978 1266 1130 1302 causae,
1154 1263 1200 1295 ut
1223 1253 1372 1310 judex,
1398 1254 1590 1309 piofecto

58 1319 278 1364 suspectus
311 1318 354 1350 et
376 1309 498 1350 nimis
491 1287 761 1350 ³³·favoiabilis
784 1324 949 1374 possem
971 1312 1169 1352 recusaxi.
1236 1311 1459 1363 Quocirca,
1483 1327 1592 1368 prae-

59 1367 194 1409 missis
231 1367 404 1421 singulis
442 1376 592 1408 vestiae
630 1366 853 1409 eminentis
876 1367 1287 1434 ciicumspeccionis
1275 1370 1497 1412 'industria
1519 1371 1594 1412 de-

59 1425 149 1467 bite
182 1425 377 1466 conffldei
380 1434 473 1475 atis,
512 1439 646 1466 exoro
669 1433 851 1466 vestram
875 1426 1169 1479 paternitatem
1191 1427 1233 1468 in
1257 1428 1412 1483 optatis
1433 1429 1591 1470 habeie

60 1498 129 1525 me
156 1491 420 1533 excusatum,
445 1483 554 1524 sicut
574 1491 617 1524 et
644 1482 881 1524 Decretum
903 1484 1022 1525 Sedis
1051 1485 1309 1540 Apostolicae
1330 1487 1591 1529 luculencius

59 1556 127 1582 me
149 1550 338 1591 excusat,
363 1540 489 1582 titulo
522 1547 550 1568 ‘⁶
565 1540 636 1581 DE
654 1554 931 1591 REscmP'rls,
948 1543 995 1583 Si
1011 1545 1183 1597 aliqui,''
1202 1543 1243 1583 in
1261 1559 1345 1610 quo
1363 1559 1439 1586 cav
1442 1554 1535 1587 etui
1557 1545 1591 1586 si

59 1599 290 1656 aliquando
313 1599 440 1640 flatei
445 1607 566 1640 nitati
601 1608 686 1639 tuae
708 1598 868 1654 aliquid
890 1599 1119 1654 dirigimus,
1144 1616 1238 1657 quae
1261 1602 1448 1644 animum
1469 1618 1592 1645 exas-

59 1672 207 1713 perare
243 1657 455 1707 videntul,
494 1655 654 1697 turm
679 1671 765 1697 non
789 1657 931 1707 debes,
955 1659 1029 1700 sed
1062 1660 1305 1715 qualitatem
1330 1662 1494 1716 negocii
1515 1675 1592 1717 plo

60 1731 147 1772 quo
168 1715 245 1757 tibi
261 1714 458 1756 sciibitur
480 1714 707 1771 diligenter
728 1715 1011 1766 considemus,
1035 1726 1108 1758 aut
1132 1719 1376 1759 mandatum
1399 1728 1590 1761 nostrum

61 1781 304 1838 reve-lenter
335 1772 579 1827 adimpleaS,
610 1781 683 1814 aut
704 1787 779 1827 per
810 1773 949 1814 literas
972 1782 1078 1825 tuas,
1102 1790 1230 1830 quale
1251 1776 1481 1832 adimplere
1503 1793 1590 1819 non

60 1830 208 1896 possis,
231 1829 531 1872 racionabilem
553 1844 721 1871 causam
743 1831 998 1885 praetendas.
1063 1834 1200 1888 Supe1
1221 1834 1299 1875 hiis
1321 1843 1363 1876 et
1381 1835 1470 1876 aliis
1484 1837 1592 1878 hanc

61 1888 282 1931 materiam
297 1889 649 1930 concernentibus
663 1887 819 1930 dilecto
837 1889 1147 1932 conf1'33t11n1e0
1164 1891 1336 1933 domino
1353 1893 1592 1936 Willielmo

66 1949 212 1997 Seton,
263 1962 394 1989 Saelae
445 1946 697 2001 Theologiae
747 1946 942 1987 bacallai
935 1963 989 1998 10,
1042 1949 1322 2002 piaesencium
1375 1953 1588 2005 portitori,

63 2005 209 2061 aperui
240 2005 406 2060 plenius
437 2013 626 2045 mentem
650 2019 784 2046 meam
804 2020 814 2054 3
838 2005 905 2046 cui
927 2021 981 2047 ex
1001 2016 1123 2061 parte
1146 2022 1240 2049 mea
1261 2008 1303 2049 in
1326 2009 1444 2050 vobis
1466 2010 1593 2051 refer-

65 2063 183 2104 endis
217 2062 410 2104 auditum
447 2063 638 2117 praebere
672 2063 902 2119 benignum
937 2073 980 2105 et
1001 2064 1127 2106 fidem
1152 2066 1369 2108 credulam
1390 2068 1591 2110 adhibere

64 2121 264 2187 dignetur
295 2129 434 2163 vestia
454 2121 686 2176 pateinitas
708 2121 967 2171 reverenda;
990 2138 1115 2178 quam
1139 2125 1194 2165 ad
1215 2124 1382 2166 salubre
1404 2125 1592 2180 regimen

64 2180 204 2233 gregis
227 2179 352 2220 vestii
374 2179 415 2219 in
437 2179 648 2234 pr'ospeiis
670 2179 823 2234 dirigat
845 2188 887 2220 et
910 2190 1129 2223 conseivet
1152 2182 1336 2223 Tiinitas
1354 2183 1590 2230 benedicta.

68 2237 236 2293 Scripta
259 2237 478 2289 Dunelmi,
503 2242 630 2279 xl111⁰
653 2237 720 2279 die
744 2237 894 2280 mensis
920 2239 1191 2294 SeptembriS,
1216 2242 1389 2293 [1455.]
