1807 2962
459 70 722 103 ROBERTUS
751 70 818 102 DE
851 68 1186 104 GRAYSTANES.
1493 62 1583 106 121

61 179 255 233 proxima
278 179 577 234 subsequente,
594 177 634 219 in
650 178 810 220 octavis
831 178 989 221 scilieet
1009 180 1142 221 sancti
1168 177 1357 230 Martini,
1382 179 1587 222 Dunelmi

61 236 306 277 installatus,
346 238 614 292 Acceptaque
631 236 878 278 obedientia
898 252 923 279 a
943 237 1137 288 subditis,
1156 245 1200 279 et
1214 237 1386 279 Vicario
1401 239 1589 292 generali

58 293 117 335 ibi
148 294 336 344 dimisso,
360 296 441 336 iter
473 295 648 350 arripuit
686 294 922 350 Episcopus
944 310 1087 337 versus
1121 295 1305 350 Regem,
1340 296 1592 350 temporalia

58 351 279 407 petiturus.
339 353 422 394 Sed
451 352 545 394 Rex
568 367 663 394 cum
687 367 738 394 eo
760 352 876 409 loqui
899 352 1048 404 noluit,
1067 354 1139 395 sed
1157 369 1234 409 per
1250 353 1588 395 Thesaurarium

58 424 178 451 suum
204 410 450 466 respondit3
483 411 599 467 quod
636 410 814 451 invisum
845 420 936 453 erat
969 420 1067 453 ante
1102 410 1207 453 illud
1243 420 1427 467 tempus,
1470 412 1587 468 quod

57 467 208 524 aliquis
230 468 271 509 in
303 468 462 522 Anglia
482 469 640 525 absque
655 482 870 509 consensu
912 469 1032 524 regio
1064 469 1105 510 in
1141 468 1403 526 Episcopum
1439 484 1588 511 conse-

58 535 244 567 craretur
275 526 341 567 vel
372 527 528 569 electus
551 526 904 576 confirmaretur3
936 536 980 569 et
1029 527 1127 568 ideo
1166 542 1294 583 super
1327 537 1413 570 tam
1449 527 1585 570 arduo

55 591 97 623 et
120 583 312 624 inaudito
345 584 479 625 noluit
504 585 600 625 Rex
630 583 868 627 inconsulte
888 585 1173 640 respondere3
1204 595 1247 628 et
1267 586 1320 628 ad
1343 586 1585 640 proximum

58 640 388 682 parliamentum
411 642 575 684 distulit
602 642 964 696 respondendum.
1044 643 1222 684 Interim
1245 652 1388 685 tamen
1410 643 1584 685 domino

57 698 244 740 Ricardo
271 700 325 741 de
352 699 481 755 Byry,
502 700 572 741 cui
594 700 648 741 ad
670 708 865 755 rogatum
894 699 1022 754 Regis
1045 701 1164 756 Papa
1177 702 1465 756 episcopatum
1484 717 1586 743 con-

54 755 221 806 tulerat,
242 772 326 798 uno
347 758 417 799 die
438 766 537 799 ante
557 757 805 799 electionem
821 758 874 799 de
895 757 989 814 ipso
1014 758 1208 801 Roberto
1230 759 1399 810 factam,
1423 759 1583 801 scilicet

54 814 188 867 pridie
218 816 312 856 idus
351 815 566 862 Octobris,
592 816 689 859 Rex
725 817 978 871 temporalia
1013 816 1282 873 episcopatus
1316 817 1581 862 Dunelmen-

53 872 106 912 sis
127 872 304 914 dederat
317 888 332 922 v3
359 883 407 915 -et
428 889 484 915 ex
505 874 586 914 hoc
609 873 860 915 dilationem
882 875 936 916 ad
968 873 1300 918 Parliamentum
1323 890 1409 918 non
1438 875 1517 918 nisi
1539 875 1580 916 in

50 932 113 974 aui
139 930 374 973 illusionem
398 931 551 973 factam
573 931 808 987 Episcopus
832 932 1096 978 advertebat.

445 1280 543 1308 cAP.
569 1280 608 1310 L.
645 1280 702 1307 DE
726 1281 928 1309 RICARDO
953 1281 1010 1308 DE
1034 1282 1169 1314 BERY,

566 1374 664 1416 [MS.
694 1373 779 1416 cap.
870 1374 893 1407 f.
914 1377 980 1406 222
997 1375 1051 1416 b.]

104 1453 320 1494 Venerunt
353 1467 457 1508 ergo
489 1451 629 1493 clerici
667 1450 828 1491 domini
865 1452 1038 1493 Ricardi
1070 1452 1125 1493 de
1163 1452 1278 1510 Bury
1312 1454 1572 1500 Dunelmum

46 1526 139 1551 cuin
179 1511 302 1552 bullis
343 1520 384 1551 et
421 1510 552 1551 literis
589 1509 741 1563 regiis;
779 1518 823 1549 et
852 1509 894 1549 in
930 1510 1236 1563 possessionem
1272 1515 1571 1568 temporalium

41 1569 182 1609 statim
205 1569 432 1611 inducitur.
489 1566 845 1622 Archiepiscopus
868 1582 968 1608 vero
995 1567 1291 1620 Eboracensis,
1315 1571 1412 1612 visis
1428 1573 1571 1625 bullis,

43 1636 88 1667 et
120 1626 342 1667 intellectis
378 1624 776 1667 comminationibus
811 1624 936 1679 regiis
972 1624 1026 1666 de
1061 1628 1366 1682 temporalibus
1401 1630 1486 1672 suis
1526 1632 1572 1673 in

44 1698 171 1724 manu
212 1684 341 1737 Regis
375 1682 606 1737 capiendis,
645 1682 842 1723 inductus
875 1697 952 1737 per
983 1683 1160 1737 regaleS,
1196 1685 1310 1727 clero
1346 1695 1390 1728 et
1410 1690 1571 1743 populo

46 1741 326 1782 Dunelmensi
348 1740 526 1795 scripsit,
546 1750 592 1781 ut
616 1740 804 1781 Ricardo
821 1740 874 1781 de
898 1740 1015 1796 Bury
1032 1741 1273 1794 obedirent,
1293 1758 1380 1785 non
1398 1746 1573 1788 obstan-

41 1799 153 1839 tibus
195 1798 405 1853 prioribus
446 1797 576 1840 literis
616 1799 676 1839 eis
718 1812 795 1852 pro
841 1797 1034 1839 Roberto
1076 1798 1293 1856 Episcopo
1334 1802 1566 1849 destinatis,

50 1857 179 1898 Unde
226 1866 270 1898 et
311 1871 354 1897 ιν
402 1856 496 1897 idus
542 1855 734 1897 Januarii
775 1855 911 1896 clerus
953 1864 996 1897 et
1042 1857 1224 1911 populus
1266 1859 1569 1903 Dunelmensis

39 1914 261 1956 dioceseos
301 1914 488 1956 Ricardo
521 1914 575 1955 de
611 1914 730 1969 Bury
763 1913 1051 1954 obedientiam
1080 1913 1348 1968 juraverunt.
1420 1918 1478 1961 Et
1509 1920 1567 1962 sic

42 1973 278 2014 Robertum
311 1971 587 2027 Episcopum,
620 1987 707 2012 non
739 1979 949 2021 vocatum,
980 1986 1068 2012 non
1090 1973 1297 2015 monitum
1319 1989 1399 2017 nec
1420 1986 1571 2020 contu-

40 2044 214 2081 macem,
247 2030 505 2085 spoliarunt,
538 2044 633 2071 cum
665 2039 803 2071 tamen
819 2029 889 2083 jus
910 2043 1137 2071 commune
1158 2030 1376 2075 habuisset
1397 2049 1476 2089 pro
1498 2052 1566 2088 eo,

36 2098 79 2130 et
98 2098 250 2130 contra
271 2089 612 2143 impetrationem
632 2087 805 2128 Ricardi
827 2096 869 2128 et
886 2086 1171 2141 provisionem
1186 2089 1397 2144 legitimas
1419 2093 1568 2136 defen—

35 2147 175 2187 siones
196 2146 346 2187 debuit
366 2145 577 2189 habuisse.
642 2145 700 2186 Et
721 2159 818 2185 cum
841 2144 939 2185 satis
961 2144 1138 2187 haberet
1160 2148 1275 2203 quod
1297 2158 1447 2192 contra
1467 2166 1567 2206 pro-

37 2204 242 2245 visionem
263 2203 445 2260 ¹Ricardi
466 2203 699 2257 objiceret3
731 2202 1077 2244 condescendens
1100 2212 1243 2246 tamen
1263 2208 1390 2248 statui
1412 2209 1564 2252 domus

36 2271 80 2302 et
122 2261 288 2311 Prioris,
327 2261 400 2317 qui
436 2270 609 2316 propter
644 2274 839 2315 guerram
875 2270 918 2301 et
953 2275 1076 2302 casus
1113 2261 1250 2304 varios
1283 2264 1563 2320 depauperati

35 2319 240 2361 sustinere
279 2334 365 2359 non
406 2328 635 2374 potuerunt
675 2332 807 2359 onera
847 2317 943 2368 litis,
981 2318 1168 2360 maxime
1204 2330 1353 2363 contra
1395 2323 1562 2378 Regem

36 2377 265 2417 habentem
305 2377 465 2430 Papam
500 2376 559 2417 ita
590 2375 667 2416 sibi
704 2374 950 2430 propitium,
983 2384 1026 2416 et
1048 2385 1195 2418 contra
1219 2377 1464 2431 Ricardum,
1488 2383 1562 2438 qui

29 2436 120 2489 jam
152 2433 210 2474 eis
241 2442 419 2487 praeerat
440 2434 481 2474 in
504 2433 810 2487 temporalibus
832 2442 874 2474 et
896 2433 1179 2487 spiritualibus
1199 2449 1209 2483 3
1247 2444 1291 2477 et
1311 2436 1438 2478 etiam
1460 2440 1560 2495 quia

35 2501 184 2532 contra
213 2505 508 2546 quemcunque
539 2491 724 2546 objicere
756 2498 818 2531 est
846 2490 926 2531 vile
948 2499 989 2531 et
1012 2490 1232 2533 odiosum:
1264 2493 1395 2551 elegit
1416 2497 1559 2551 potius

34 2549 336 2590 dissimulando
373 2549 630 2589 voluntatem
666 2547 751 2589 Dei
784 2561 878 2588 curn
915 2548 1121 2602 patientia
1154 2559 1396 2605 expectare,
1430 2569 1558 2610 quarn

34 2608 162 2648 finem
181 2607 274 2656 litis,
294 2622 389 2662 quae
411 2606 561 2647 dubios
578 2607 683 2647 solet
701 2606 856 2647 habero
871 2605 1022 2656 exitus,
1042 2621 1232 2662 quaerere
1251 2624 1325 2663 per
1338 2612 1557 2666 objectus;

36 2666 218 2706 maxime
252 2680 344 2706 curn
380 2676 569 2708 sanctum
597 2666 880 2708 Cuilibertuin
906 2675 945 2705 et
969 2666 1193 2722 plerosque
1215 2668 1316 2709 alios
1341 2673 1551 2729 [sanctos]
