1807 2962
498 101 775 134 APPENDIX.
806 101 926 131 ANN.
958 93 1218 134 Mccccvn
1489 94 1640 139 cxcvii

105 209 322 266 quondam
364 209 564 264 Episcopi
602 208 806 250 Dunelm.
845 207 1053 261 defuncti,
1090 224 1186 251 cum
1224 210 1383 252 familia
1418 214 1636 267 quondam

105 268 312 323 ejusdem,
332 282 483 323 corpus
501 267 602 309 dicti
619 267 779 308 domini
801 266 972 308 Walteri
989 267 1178 308 defuncti
1196 268 1250 309 ad
1269 269 1489 311 ecclesiam
1507 272 1633 316 Cath.

106 325 311 367 Dunelm.
346 325 389 365 in
422 325 570 367 eadem
603 324 899 367 ecclesiasticae
934 326 1165 379 sepulturae
1198 327 1454 368 tradendum
1486 329 1528 369 in
1552 344 1638 371 uno

103 383 229 425 chare
262 398 357 424 cum
394 383 579 440 quinque,
617 383 780 440 magnis
812 382 929 438 equis
963 383 1067 424 illud
1101 381 1365 427 trahentibus
1403 385 1444 426 in
1478 386 1637 428 dictam

103 442 325 483 ecclesiam
348 441 474 483 Cath.
507 441 778 483 adduxerunt
799 449 841 481 et
862 441 1016 482 adduci
1038 442 1246 493 fecerunt,
1269 458 1354 499 quo
1377 459 1553 498 corpore
1576 446 1635 486 sic

101 499 303 549 adducto,
337 513 381 541 et
411 499 453 540 in
475 499 590 540 dicta
611 498 790 540 ecclesia
812 499 936 540 Cath.
960 499 1002 539 in
1024 499 1140 541 dicto
1162 501 1288 542 chare
1309 503 1555 552 constituto,
1580 503 1634 544 de

102 558 254 599 eodem
290 557 417 599 chare
446 572 602 612 corpus
639 557 829 612 ejusdem
862 557 1079 612 capientes
1102 567 1144 599 et
1165 559 1445 613 deponenteS,
1471 561 1513 600 in
1536 576 1634 601 can-

100 615 253 657 cellum
289 616 415 657 dietae
448 614 636 657 ecclesiae
673 615 801 656 Cath.
834 615 1080 658 detulerunt
1110 625 1153 657 et
1174 626 1466 672 portaverunt.
1534 618 1634 667 Quo

99 673 214 715 facto
234 674 454 729 religiosus
476 673 538 715 vir
552 673 680 714 frater
702 673 891 714 Thomas
914 674 1064 724 Rome,
1090 675 1334 726 monachus,
1354 685 1396 717 et
1418 676 1631 731 professus

99 732 291 774 eeclesiae
339 732 464 774 Cath.
506 731 740 786 praedictae,
785 740 828 772 et
868 730 911 772 in
952 732 1092 773 officio
1136 732 1396 775 Sacristariae
1438 735 1631 791 ejusdem

98 791 290 832 ecclesiae
314 790 440 832 Cath.
463 789 734 839 constitutus,
755 788 916 830 dictum
935 789 1062 831 chare
1080 798 1124 831 et
1142 790 1279 832 dictos
1296 791 1484 849 quinque
1502 809 1632 850 equos

97 847 202 889 illud
234 848 451 890 trahentes
483 863 579 888 curn
610 847 725 889 omni
746 856 952 902 apparatu
973 847 1134 889 eisdem
1157 849 1396 903 pertinente
1411 851 1510 905 jure
1532 867 1633 893 con-

97 905 388 947 suetudinario
422 905 610 948 ecclesiae
646 905 772 949 Cath.
811 905 1031 961 praedictae
1063 915 1105 947 et
1127 906 1204 948 sibi
1237 908 1409 949 nomine
1436 909 1629 964 ejusdem

95 978 176 1018 pro
211 963 442 1005 mortuario
479 963 671 1018 ejusdem
708 963 870 1004 domini
901 964 1087 1005 Walteri
1119 979 1305 1006 asserens
1340 968 1552 1021 pertinere
1585 977 1629 1009 et

95 1021 258 1073 deberi,
295 1022 453 1063 dictum
491 1021 618 1063 chare
651 1036 746 1063 cum
783 1022 901 1078 equis
935 1030 979 1063 et
1010 1033 1213 1077 apparatu
1248 1025 1454 1078 praedicto
1487 1026 1626 1081 cepit3

96 1078 344 1137 dictumque
381 1081 507 1121 chare
542 1079 587 1120 in
623 1079 804 1121 ecclesia
837 1079 962 1121 Cath.
984 1080 1189 1134 praedicta
1211 1082 1368 1123 dimitti
1389 1098 1463 1138 per
1484 1099 1627 1126 servos

91 1151 190 1178 ⁴suos
208 1137 440 1193 praecepit3
464 1137 685 1193 dictosque
707 1137 893 1194 quinque
915 1153 1046 1193 equos
1069 1138 1111 1178 in
1138 1139 1393 1182 Abbathiam
1418 1142 1625 1184 Dunelm.,

93 1195 247 1237 adduci
271 1195 511 1244 mandavit3
535 1205 575 1237 et
598 1197 651 1236 de
673 1196 832 1237 eisdem
855 1196 982 1236 chare
1004 1204 1048 1237 et
1070 1196 1254 1253 quinque
1275 1199 1394 1254 equis
1411 1214 1487 1253 pro
1505 1200 1627 1241 libito

94 1268 182 1294 suae
208 1253 436 1296 voluntatis
458 1253 679 1308 disposuit,
703 1268 751 1294 ac
773 1253 906 1294 eciam
928 1253 1167 1305 ordinavit3
1191 1258 1493 1298 executoribus
1517 1273 1627 1312 prae-

90 1311 214 1352 dictis
247 1313 390 1354 omnia
418 1320 464 1353 et
485 1311 652 1365 singula
673 1311 889 1366 praemissa
909 1311 967 1352 s-ic
984 1327 1062 1367 per
1081 1313 1257 1354 fratrem
1278 1314 1489 1356 Thomam
1512 1316 1627 1357 facta

88 1369 336 1421 scientibus,
375 1369 670 1420 tolerantibus,
707 1378 751 1410 et
786 1384 871 1410 non
903 1370 1294 1413 contradicentibus
1313 1390 1325 1422 3
1358 1382 1488 1428 prout
1518 1374 1623 1415 mihi

90 1429 258 1470 notario
290 1427 556 1482 infrascripto
578 1435 680 1468 tunc
702 1427 902 1482 temporis
923 1428 1118 1482 apparuit
1140 1429 1374 1471 evidenter.
1436 1432 1548 1473 Acta
1567 1458 1626 1463 —

87 1488 372 1542 praesentibus
396 1495 494 1528 tunc
515 1485 673 1527 ibidem
689 1485 880 1527 discretis
895 1485 992 1527 viris
1013 1486 1199 1528 Ricardo
1220 1488 1374 1543 Rypon
1392 1498 1436 1530 et
1456 1490 1627 1532 Thoma

95 1545 238 1587 Roose
272 1544 431 1586 clericis
466 1543 669 1587 Dunelm.
712 1544 851 1594 Dioc.,
886 1552 928 1585 et
959 1543 1049 1585 aliis
1071 1545 1389 1600 quampluribus
1412 1549 1454 1588 in
1477 1549 1620 1589 multi-

91 1603 238 1644 tudine
270 1603 454 1657 copiosa,
479 1601 658 1643 testibus
680 1602 735 1642 ad
757 1601 973 1656 praemissa
994 1602 1155 1643 vocatis
1177 1604 1416 1658 specialiter
1437 1618 1481 1647 et
1502 1621 1626 1661 roga-

90 1661 157 1702 tis.
220 1662 278 1703 Et
300 1676 382 1715 ego
404 1659 595 1702 Thomas
617 1659 670 1701 de
696 1660 863 1715 Ryhale
885 1659 1062 1702 clericus
1086 1659 1280 1703 Lincoln.
1304 1662 1414 1707 dioc.
1439 1670 1510 1707 ecco

201 1921 357 1950 CLXXI.
390 1922 544 1949 BULLA
577 1921 634 1950 DE
665 1923 943 1951 PROVISIONE
968 1924 1137 1951 DOMINI
1161 1925 1334 1954 THOMAE
1359 1926 1501 1955 LANG*

431 1980 516 2007 LEY
539 1981 596 2007 AD
621 1981 873 2009 ECCLESIAM
898 1982 1265 2014 DUNELMENSEM.

656 2075 766 2116 [Cart.
785 2076 859 2109 111.
879 2075 902 2108 f.
922 2078 984 2113 167
1003 2078 1048 2120 b.]

147 2168 427 2209 Innocencius
474 2167 723 2223 EpiscopuS,
768 2183 911 2210 servus
948 2184 1165 2211 servorum
1201 2171 1300 2221 Dei,
1335 2172 1493 2214 dilecto
1530 2175 1617 2215 filio

90 2224 271 2266 Thomae
293 2225 430 2266 electo
452 2226 733 2267 Dunelmensi
762 2226 941 2268 salutern
974 2237 1018 2268 et
1048 2228 1323 2282 apostolicam
1347 2231 1618 2273 benediccio-

86 2297 197 2323 nem.
275 2282 549 2336 Apostolatus
580 2282 777 2334 officium,
802 2299 1044 2339 quanquam
1067 2285 1414 2328 insufficientibus
1439 2290 1612 2340 meritis,

84 2341 211 2381 nobis
229 2355 284 2381 ex
301 2339 387 2381 alto
402 2341 684 2390 commissum,
703 2356 788 2396 quo
803 2342 1071 2382 ecclesiarum
1089 2343 1276 2384 omnium
1296 2345 1488 2400 regimini
1507 2362 1616 2402 prae-

85 2398 286 2448 sidemus‚
303 2397 464 2439 utiliter
481 2397 647 2453 exequi,
673 2399 955 2453 coadjuvante
981 2400 1184 2451 Domino,
1210 2402 1440 2456 cupiente5‚
1464 2406 1617 2448 soliciti

86 2457 214 2498 corde
251 2455 472 2497 reddimur
508 2464 550 2496 et
583 2456 772 2506 solertes,
807 2465 866 2506 ut,
902 2472 998 2498 cum
1031 2459 1083 2499 de
1115 2459 1298 2514 ipsarum
1340 2462 1616 2519 regiminibus

85 2515 226 2568 agitur
256 2513 587 2564 committendis,
612 2514 715 2555 tales
747 2516 806 2556 eis
838 2515 879 2555 in
905 2525 1092 2569 pastores
1115 2519 1332 2571 praeficere
1354 2521 1614 2573 studeamus,

84 2574 156 2628 qui
188 2571 457 2614 commissum
489 2571 566 2613 sibi
597 2587 768 2628 gregem
801 2572 1062 2614 dominicum
1094 2575 1227 2616 sciant
1250 2591 1334 2617 non
1356 2578 1489 2619 solum
1515 2580 1617 2622 doc-

85 2630 193 2671 trina
215 2629 331 2671 verbi
353 2630 427 2671 sed
450 2630 577 2671 etiam
599 2631 796 2685 exemplo
810 2630 911 2670 boni
934 2631 1073 2686 operis
1095 2632 1336 2685 informare,
1353 2639 1616 2679 commissas-

85 2703 166 2743 que
188 2688 266 2729 sibi
286 2688 483 2730 ecclesias
505 2688 547 2728 in
566 2697 676 2729 statu
695 2688 873 2742 pacifico
895 2697 938 2729 et
960 2690 1189 2744 tranquillo
1213 2692 1343 2733 velint
1366 2703 1409 2734 et
1431 2695 1612 2746 valeant,

83 2746 194 2788 duce
218 2746 424 2797 Domino,
449 2746 675 2788 salubriter
697 2761 844 2801 regere
862 2755 905 2786 et
923 2746 1102 2790 feliciter
1122 2750 1376 2806 gubernare.
1421 2753 1611 2805 Dudum,

815 2817 844 2843 N
869 2807 892 2844 3
