1807 2962
462 68 742 103 APPEme.
772 69 892 100 ANN.
922 68 1201 100 MCCCXCVI.
1448 56 1610 103 clxxix

57 180 112 221 (le
157 179 332 229 Bolton,
376 179 594 221 Johannes
634 176 895 225 Hawthorn,
945 174 1153 216 Ricardus
1198 175 1336 225 Eden,
1387 176 1602 219 Robertns

58 237 367 291 Langehestre‚
417 237 664 277 Willielmus
692 236 872 284 Kellow,
921 233 1130 274 Ricardus
1157 233 1361 283 Stokton,
1407 234 1599 277 Thomas

55 295 242 351 Dautry,
288 295 477 336 Thomas
514 295 667 350 Lythe,
712 293 929 334 ,lohannes
968 292 1142 341 Barton,
1191 292 1407 333 Robertus
1437 293 1594 346 Crayk,

55 353 272 394 Johannes
296 353 529 402 Newburn,
571 352 774 393 Walterus
801 350 1023 399 Tesedale,
1055 350 1272 391 ,Iohannes
1298 350 1465 400 Hoton,
1497 351 1595 392 Wil-

54 411 224 452 lielmus
270 412 559 459 Mounceaux,
609 409 854 450 Willielmus
901 408 1114 463 Appelby,
1161 408 1355 448 Thomas
1403 408 1592 464 Staplay‚

54 469 276 510 ,Iohannes
300 469 506 518 Durham,
537 467 783 508 Willielmus
819 465 1064 520 Sutliewyk,
1103 465 1312 506 Ricardus
1338 466 1592 518 Hessewell,

59 526 307 568 willielmus
335 527 481 583 Bau),
506 526 725 567 Johannes
752 524 913 566 (11st1
918 539 956 572 n,
987 523 1131 577 Rooei
1137 539 1181 565 us
1205 524 1258 564 de
1284 524 1590 579 Langchestre,

53 584 270 626 Johannes
298 584 623 640 Swynesheved,
657 592 700 624 et
734 582 989 623 Willielmus
1016 582 1306 638 P0k1311gt0n,
1333 583 1527 624 monachi
1551 595 1594 626 et

53 644 244 684 conflati
247 659 289 685 es
326 643 453 699 ipsius
490 640 695 691 ecelesiae,
719 649 763 682 et
795 640 848 681 ad
880 655 1029 680 sonum
1053 652 1284 695 campanae,
1308 655 1426 681 m01e
1449 641 1588 692 solito,

53 701 344 756 capitularitel
374 699 633 755 congregati,
658 709 700 740 et
732 698 966 754 capitulum
987 698 1180 752 ejusdem
1206 698 1395 739 ecclesiae
1418 714 1465 740 ac
1488 715 1591 741 con-

54 768 241 810 ventum,
265 769 312 800 ut
333 759 543 814 apparuit,
576 757 791 805 facientes,
829 756 1023 797 omnibus
1057 756 1316 807 melioribus,
1341 758 1483 808 modo,
1509 758 1588 808 via,

46 818 158 872 jure,
193 832 330 867 causa,
370 827 412 858 et
450 817 597 866 forma,
632 815 785 871 quibus
818 814 967 855 melius
994 824 1037 856 et
1058 814 1267 855 efficacius
1292 826 1522 870 potuerunt
1547 828 1589 858 et

54 875 311 925 debuerunt,
350 876 552 924 fecerunt,
592 873 917 922 constituerunt,
957 883 1000 914 et
1032 873 1306 927 solempniter
1337 874 1590 916 ordinarunt

51 948 149 974 suos
173 949 295 974 veios
318 943 454 974 centos
478 933 688 987 legitimos
721 942 762 973 et
792 930 1051 972 indubitatos
1075 942 1383 996 piwocuiatoreS,
1409 946 1586 983 actores,

52 991 250 1041 factores,
291 991 568 1046 negocimum
606 1005 776 1030 sumum
809 998 1011 1043 gestmes,
1045 1000 1088 1030 et
1123 990 1298 1031 nuncios
1321 990 1523 1045 speciales
1546 1002 1588 1033 et

51 1050 284 1105 geneialeS,
324 1050 383 1090 ita
421 1057 563 1090 tamen
598 1048 711 1105 quod
734 1047 970 1103 specialitas
993 1045 1260 1101 geneialitati
1285 1064 1368 1088 non
1392 1046 1584 1104 deloget,

51 1122 132 1148 nee
164 1123 187 1147 e
220 1117 381 1157 contla,
406 1107 601 1149 xidelicet
633 1107 880 1160 magistrum
904 1105 1113 1146 Jacobum
1147 1104 1200 1146 de
1254 1105 1502 1161 Subvnaoo,
1543 1108 1587 1149 in

55 1164 251 1207 Romana
288 1165 403 1207 curia
443 1175 761 1221 plmocmatolem
805 1164 1063 1218 genelalem,
1117 1175 1159 1205 et
1198 1163 1482 1205 Willielmum
1534 1167 1587 1207 de

53 1223 350 1265 T²l1uistanton
382 1224 594 1273 clericum,
620 1223 836 1264 absentem
870 1232 1067 1278 tanquam
1093 1232 1359 1277 praesentem,
1385 1224 1587 1289 conjunc-

49 1283 137 1332 tim,
162 1292 204 1324 et
227 1282 385 1323 dictum
424 1281 691 1322 willielmum
728 1280 908 1330 divisim,
948 1280 1052 1321 citra
1087 1291 1227 1321 tamen
1264 1283 1585 1322 ievocacionem

50 1340 227 1380 aliorum
255 1350 579 1395 procuratorum
601 1353 771 1379 suorum
802 1353 878 1393 per
911 1354 982 1379 eos
1018 1340 1132 1393 prius
1164 1339 1504 1390 constitutmum,
1529 1341 1584 1381 ad

53 1399 411 1448 concordandum,
425 1397 782 1452 componendum,
799 1396 1154 1446 conveniendum,
1166 1406 1207 1438 et
1228 1398 1396 1438 finalem
1412 1413 1587 1439 concord

49 1455 162 1497 diam
185 1456 270 1497 sive
293 1456 626 1498 convencionem
649 1455 901 1504 faciendam,
922 1456 1090 1495 nomine
1114 1455 1303 1510 ipsorum
1329 1456 1588 1498 constituen-

47 1513 174 1564 cium,
217 1530 313 1556 cum
366 1514 603 1556 honorabili
646 1515 735 1554 viro
777 1512 979 1569 magistro
1020 1513 1217 1554 Johanne
1270 1514 1323 1555 (le
1380 1514 1581 1564 Reffiam,

45 1572 361 1614 Arel1idiacon0
386 1571 719 1621 Northumbriae,
744 1581 817 1611 aut
840 1571 966 1625 ipsius
996 1571 1353 1625 procuratori-bus,
1377 1573 1585 1626 plur-ibus,

45 1640 118 1671 aut
143 1646 242 1681 uno,
267 1631 321 1672 (le
344 1641 386 1672 et
408 1629 918 1684 superjurisdiccionibus
942 1629 1348 1670 archidiaconalibus
1370 1641 1580 1672 certarum

44 1688 333 1738 ecclesiarum,
373 1688 488 1738 cleri,
528 1688 688 1743 populi,
722 1696 765 1727 et
798 1702 1070 1741 personarum
1100 1688 1343 1739 earundem,
1369 1689 1422 1729 ad
1445 1690 1581 1730 dictos

47 1746 252 1796 Priorem,
281 1748 565 1795 Conventum,
590 1756 632 1787 et
656 1745 916 1798 Capitulum,
941 1755 984 1786 nt
1019 1745 1229 1796 asseritur,
1256 1748 1583 1800 pertinencium,

43 1804 342 1861 dederuntque
365 1816 409 1845 et
430 1814 728 1845 concesserunt
751 1803 877 1844 iidem
902 1803 1210 1845 constituentes
1232 1804 1355 1845 dictis
1378 1807 1461 1846 suis
1482 1822 1583 1861 pro-

43 1863 306 1904 curatoribus
345 1862 624 1917 conjunctim,
664 1874 704 1902 et
734 1861 849 1902 dicto
875 1862 935 1901 W
940 1861 1115 1902 illi-elxno
1138 1862 1317 1913 divisim,
1342 1863 1512 1917 plenum
1537 1874 1581 1905 et

42 1921 222 1975 speciale
240 1921 560 1970 n1andatum,ac
578 1919 819 1976 generalem
836 1928 1108 1974 potestatem,
1127 1921 1179 1961 ad
1196 1921 1469 1962 concordiam
1493 1924 1585 1964 sive

43 1979 392 2029 convencionem,
406 1956 724 2034 ntpraedicitur,
737 1976 988 2024 faciendam
999 1977 1299 2019 dictorumcox
1305 1981 1582 2021 stitnencium

41 2037 231 2087 nomine,
257 2052 352 2078 cum
381 2038 584 2091 magistro
626 2036 827 2077 Johanne
869 2035 1187 2077 Alchidiaeono
1227 2038 1484 2092 supradicto,
1528 2054 1579 2080 ac

42 2095 340 2151 quodcumque
371 2106 681 2136 sacramentum
702 2093 936 2148 legitimum
969 2094 1012 2135 in
1043 2094 1207 2135 animas
1234 2095 1427 2150 ipsorum
1447 2111 1576 2151 praes-

42 2153 233 2203 tandum,
258 2166 299 2194 et
315 2152 569 2208 generaliter
591 2152 734 2193 omnia
748 2151 830 2192 ali-a
846 2163 889 2193 et
911 2152 1078 2208 sin-gula
1091 2152 1299 2203 facienda,
1316 2157 1573 2204 exercenda,

40 2212 323 2265 procuranda,
360 2220 403 2252 et
435 2210 715 2266 expedienda,
760 2225 856 2265 quae
897 2209 937 2249 in
961 2210 1198 2264 praemissis,
1234 2220 1278 2251 et
1320 2211 1431 2252 circa
1470 2212 1572 2266 ipsa,

41 2269 280 2309 necessaria
312 2268 468 2309 fuerint
500 2269 565 2309 vel
588 2267 911 2323 quomodolibet
933 2277 1168 2322 oportuna3
1202 2269 1574 2325 prOmiseruntque

42 2325 170 2367 iidem
208 2326 516 2367 constituentes
550 2326 679 2366 michi
714 2325 881 2366 notario
902 2326 1154 2379 subscripto,
1180 2327 1397 2380 stipulanti
1420 2327 1508 2369 vice
1531 2339 1574 2369 es

41 2384 211 2425 nomine
233 2385 420 2425 omnium
452 2398 630 2439 quorum
663 2385 854 2432 interest,
890 2383 953 2423 vel
985 2383 1187 2423 interesse
1209 2384 1365 2438 poterit
1390 2385 1429 2424 in
1462 2386 1580 2427 suw-

42 2456 151 2491 rum,
186 2457 265 2497 pro
302 2442 425 2483 dictis
462 2440 808 2496 procuratoribus
844 2440 939 2490 suis,
977 2456 1049 2481 seu
1089 2440 1206 2481 dicto
1253 2441 1493 2492 willielmo,
1530 2459 1573 2485 se

41 2509 194 2550 ratum,
229 2509 411 2554 gratum,
450 2511 578 2555 atque
613 2499 795 2548 firmum,
832 2498 1045 2554 perpetuis
1075 2499 1334 2553 temporibus
1356 2500 1574 2542 habituros

41 2557 242 2614 quicquid
275 2573 350 2613 per
380 2557 516 2599 dictos
549 2572 645 2598 suos
678 2566 988 2611 procuratoreS,
1013 2557 1079 2597 vel
1101 2556 1262 2597 dictum
1291 2557 1571 2610 Willielmum,

42 2615 201 2657 factum
222 2615 350 2657 fuerit
372 2615 412 2657 in
436 2615 673 2671 praemissis,
697 2629 766 2655 seu
789 2614 931 2670 aliquo
952 2614 1277 2669 praemissorum.
1342 2617 1455 2658 Acta
1476 2628 1573 2659 sunt

41 2671 134 2714 haec
175 2675 253 2715 sub
289 2689 415 2724 anno,
453 2672 702 2722 indiccione,
745 2673 1012 2728 pontificatu,
1055 2687 1215 2718 mente,
1259 2673 1342 2722 die,
1384 2683 1425 2715 et
1477 2676 1571 2718 loco

43 2731 364 2787 suprascriptis3
392 2731 669 2788 praesentibus
701 2730 890 2772 discretis
922 2730 1032 2782 viris,
1067 2731 1268 2786 magistro
1304 2732 1496 2775 Roberto
1520 2735 1578 2776 de

759 2803 792 2829 M
817 2792 840 2830 2
