1807 2962
173 141 293 188 clxvi
495 159 628 191 HisT.
656 160 888 192 DUNELM.
920 157 1220 191 SCRIPTORES
1241 160 1379 192 TRES.

175 263 348 305 fecimus
370 265 450 307 hiis
475 267 643 321 apponi
690 267 837 309 Data
828 283 868 307 m
891 268 1080 309 manerio
1100 277 1245 309 nostlo
1268 267 1572 317 Londoniensi,
1596 280 1699 307 xun

175 321 244 362 die
276 324 429 364 mensis
452 326 649 379 Augusti,
683 340 793 366 anno
816 326 992 368 Domini
1014 327 1237 368 millesimo
1275 331 1406 367 cccm⁰
1429 325 1702 382 nonagesimo

175 379 327 434 primo,
350 391 392 423 et
410 391 567 424 nostlae
590 383 879 425 t1anslac10n1s
900 399 1004 440 quar
1008 393 1064 425 to.

295 675 463 706 CXLVII.
499 676 667 705 LITERA
700 679 905 706 EPISCOPI
939 679 996 705 AD
1022 677 1350 706 RECIPIENDUM
1375 676 1589 704 COMISSA-

485 735 604 762 RIUM
628 737 754 764 SUUM
777 737 867 764 PRO
891 737 1116 765 CUSTODIA
1140 735 1413 765 PRIORATUS.

747 817 851 860 [Reg.
869 817 920 849 11.
941 815 998 849 fol.
1014 818 1091 852 303.
1106 817 1155 859 b.]

243 904 461 956 WalteruS,
486 907 756 961 permissione
783 908 941 950 Divina
963 907 1266 950 Dunelmensis
1290 908 1525 962 Episcopus
1548 904 1710 946 dilectis

180 963 275 1004 filiis
304 964 523 1019 Suppriori
547 974 589 1006 et
615 966 856 1007 Conventui
889 966 1131 1008 monasterii
1165 967 1485 1014 Dunelmensis,
1516 964 1709 1014 salutem,

179 1021 379 1077 graciam,
423 1030 467 1062 et
502 1023 866 1067 benediccionem.
930 1024 1061 1074 Quia,
1105 1032 1282 1065 vacante
1312 1023 1401 1077 jam
1446 1021 1712 1063 Monasterio

180 1079 385 1132 praedicto
407 1094 484 1134 per
504 1080 678 1121 liberam
707 1091 749 1122 et
782 1092 1058 1136 spontaneam
1093 1081 1325 1122 cessionem
1347 1080 1506 1121 domini
1533 1078 1712 1120 Roberti

181 1137 234 1176 de
273 1137 541 1178 Walleworth
578 1153 715 1193 nuper
759 1138 917 1180 Prioris
959 1139 1149 1193 ejusdem
1186 1138 1375 1193 legitime
1412 1153 1554 1179 coram
1590 1136 1712 1178 nobis

179 1194 350 1244 factam,
385 1205 428 1236 et
458 1210 534 1249 per
568 1211 644 1236 nos
667 1196 906 1247 admissam,
930 1197 1134 1238 dilectum
1157 1197 1279 1238 nobis
1300 1197 1342 1237 in
1367 1196 1539 1238 Christo
1561 1194 1714 1251 magis-

180 1261 292 1292 trum
337 1252 549 1294 Thomam
592 1254 646 1294 de
685 1254 884 1319 VVeston,
923 1255 1223 1296 cancellarium
1260 1262 1466 1304 nostrum,
1513 1253 1555 1294 in
1593 1253 1712 1307 cujus

180 1309 386 1351 fidelitate
419 1320 461 1351 et
492 1312 876 1367 circumspeccione
898 1313 1098 1354 fiduciam
1121 1312 1286 1367 plenius
1309 1313 1562 1367 optinemuS‚
1587 1310 1716 1365 assig-

180 1367 371 1409 navimus
393 1368 488 1409 loco
525 1378 672 1410 nostro
693 1370 747 1411 ad
770 1371 1054 1426 recipiendam
1077 1371 1314 1412 custodiam
1335 1371 1437 1410 dicti
1462 1369 1713 1410 Monasterii

179 1425 350 1466 nomine
373 1435 534 1477 nostro,
559 1436 602 1468 et
625 1429 901 1479 retinendam,
925 1430 1105 1470 dulante
1128 1428 1354 1469 vacacione
1377 1427 1631 1484 hujusmodi,
1662 1441 1712 1467 ac

180 1482 373 1525 facienda
394 1499 489 1540 quae
504 1500 581 1540 per
596 1486 793 1527 custodes
810 1486 1050 1543 hujusmodi
1069 1487 1327 1541 temporibus
1349 1486 1636 1540 praedecessm
1642 1499 1713 1525 um

182 1550 424 1583 nostrmum
459 1543 500 1583 in
540 1544 833 1585 vacacionibus
867 1544 1108 1600 hujusmodi
1136 1544 1451 1585 racionabiliter
1486 1542 1578 1583 fieri
1611 1557 1713 1582 con—

182 1610 425 1651 sueverunt,
464 1610 507 1642 et
544 1610 671 1656 plout
708 1601 748 1642 in
784 1603 913 1644 literis
936 1604 1072 1648 bonae
1107 1602 1324 1643 memoriae
1355 1601 1516 1642 domini
1542 1599 1713 1641 Ricardi

183 1658 506 1713 praedecessoris
540 1659 672 1701 nostri
708 1660 806 1701 inde
841 1661 959 1702 vobis
995 1661 1116 1702 factis
1153 1660 1317 1715 plenius
1359 1660 1614 1707 continetur,
1654 1659 1714 1698 ita

182 1716 299 1771 quod
334 1717 514 1758 formam
548 1718 590 1758 in
624 1719 725 1772 ipsis
759 1718 889 1759 literis
913 1727 1158 1760 contentam
1181 1718 1223 1758 in
1247 1719 1388 1774 aliquo
1410 1732 1494 1757 non
1517 1715 1711 1764 excedat,

182 1773 302 1815 vobis
334 1775 583 1815 mandamus
617 1775 812 1831 quatinus
852 1777 1079 1831 praefatum
1121 1777 1365 1830 magistrum
1412 1775 1622 1815 Thomam
1659 1773 1714 1814 ad

183 1831 399 1885 praemissa
420 1833 460 1871 in
483 1832 620 1874 fo1ma
641 1834 845 1887 praedicta
866 1844 1012 1875 nostio
1035 1833 1205 1875 nomine
1227 1833 1471 1875 admittatis.
1523 1833 1572 1873 In
1596 1831 1715 1885 cujtts

184 1889 245 1929 rei
280 1889 568 1930 testimonium
610 1892 887 1944 praesentibus
920 1891 1104 1946 sigillum
1139 1901 1329 1932 nostrum
1367 1899 1432 1931 est
1467 1904 1716 1944 appensum.

187 1946 334 1987 Data
324 1961 367 1987 m
391 1948 575 1987 manerio
606 1957 751 1988 nostro
774 1949 990 1998 London„
1015 1948 1149 2002 primo
1171 1949 1240 1989 die
1264 1948 1413 1989 mensis
1439 1947 1714 2001 Septembris,

185 2019 296 2044 anno
331 2004 508 2045 Domini
545 2005 767 2046 millesimo
802 2019 882 2047 ccc
920 2006 1198 2059 nonogesimo
1232 2006 1385 2062 primo.
1463 2006 1519 2046 Et
1558 2015 1715 2046 nostrae

185 2061 473 2104 translacionis
494 2072 659 2118 quarto.

306 2357 496 2384 CXLVIII·
533 2357 790 2385 CONSENSUS
825 2357 1337 2387 COMPROMISSARIORUM
1375 2373 1597 2385 nunu...-

311 2415 525 2443 ELECTUM
549 2415 646 2442 CUM
670 2416 930 2443 ELECCIONE
968 2432 1190 2445 ............
1222 2416 1311 2444 PER
1336 2414 1597 2443 UTHREDUM

313 2473 474 2500 EORUM
503 2488 666 2501 ·········

772 2551 990 2595 [Reg.11.f.
1008 2552 1084 2590 30³⁶,
1102 2553 1149 2595 b.]

260 2643 308 2683 ln
334 2642 415 2683 Dei
438 2643 622 2693 nomine,
647 2644 798 2684 Amen.
839 2644 922 2685 Per
935 2659 1119 2700 praesens
1141 2643 1356 2700 publicum
1383 2643 1717 2684 Instrumentum

196 2701 390 2741 cunctis
379 2710 578 2755 appareat
609 2700 842 2751 evidenter,
859 2702 988 2757 quod,
1013 2717 1122 2743 anno
1139 2702 1224 2742 ab
1215 2701 1503 2743 incarnacione
1528 2699 1714 2749 Domini,

197 2758 427 2798 seeundum
451 2773 618 2798 cursum
649 2768 690 2798 et
722 2760 1085 2813 computacionem
1114 2759 1314 2800 Ecclesiae
1339 2758 1490 2812 Anglic
1493 2773 1600 2807 anae,
1625 2757 1719 2798 mil-

197 2813 344 2855 lesimo
382 2829 460 2856 ccc
495 2816 771 2872 nonogesimo
810 2817 961 2872 primo,
1002 2817 1235 2859 indiccione
1271 2830 1390 2868 xxm,
1436 2816 1715 2857 Pontificatus
