1807 2962
207 119 269 166 10
518 129 650 162 HlST.
673 127 907 160 DUNELM.
935 121 1236 157 semprouns
1261 121 1397 153 TREs.

205 241 394 284 cationes
416 247 458 282 et
480 236 691 279 inauditas
713 235 823 291 regis
850 233 1027 275 Henrici
1051 246 1099 273 11.
1116 228 1440 272 constitutiones
1461 223 1612 267 divinis
1635 222 1739 280 legi-

206 302 286 342 bus
310 300 526 355 [adversas
541 296 582 345 ?]
611 309 697 336 non
734 293 994 342 obstiterint,
1032 290 1106 332 sed
1135 288 1269 342 magis
1290 302 1362 329 eas
1393 288 1637 349 juramento
1660 298 1738 324 suo

205 356 480 406 firmaverint,
505 352 793 409 suspensionis
816 349 1071 392 sententiam
1093 346 1271 400 accepit.
1321 345 1408 386 Sed
1429 343 1738 409 interveniente

205 431 285 472 pro
325 430 378 456 eo
414 413 568 455 eodem
602 409 933 466 Archipraesule,
972 407 1072 465 quia
1107 404 1243 448 multo
1276 404 1417 445 fuerat
1452 408 1737 449 innocentior,

207 473 369 517 absolvi
389 469 637 529 promeruit.

327 744 423 773 CAP.
455 743 515 772 v1.
585 741 643 769 DE
679 739 867 767 GUERRA
899 737 1042 765 INTER
1084 733 1337 763 HENR1CUM
1371 734 1622 762 SECUNDUM

678 796 840 825 REGEM
873 796 929 823 ET
963 794 1111 822 FILIOS
1144 794 1270 822 SUOS,
1708 816 1752 837 θ’,

703 908 796 950 [MS.
814 909 896 952 Cap.
914 918 1023 941 exul.
1038 907 1096 941 fol.
1115 908 1178 945 167
1196 906 1244 951 b.]

271 1025 430 1080 Elapso
460 1038 562 1065 vero
597 1030 694 1077 post
725 1021 818 1062 haec
852 1018 1040 1069 biennio,
1077 1018 1308 1068 Hem-icus,
1340 1018 1453 1073 regis
1480 1014 1745 1059 Hem-iesse-

213 1083 341 1126 cundi
377 1083 502 1132 filius,
540 1080 645 1121 alius
683 1078 889 1128 Absolon,
921 1076 1105 1118 surrexit
1127 1075 1167 1116 in
1191 1085 1372 1130 patrem,
1397 1081 1463 1128 [et
1485 1078 1668 1132 superba
1689 1077 1743 1117 de

211 1157 346 1196 regno
368 1140 477 1181 inter
497 1154 571 1181 eos
593 1137 809 1178 oriebatur
829 1135 1064 1178 contentio.
1128 1135 1313 1176 Vivente
1335 1150 1519 1190 namque
1541 1143 1676 1189 patre,
1700 1145 1744 1177 et

213 1197 478 1242 coronationi
509 1196 748 1244 assistente,
780 1208 924 1235 omnes
957 1192 1078 1247 regni
1111 1193 1335 1247 optimates
1366 1192 1585 1234 fidelitatis
1606 1208 1744 1234 sacra-

211 1265 356 1298 menta
376 1255 465 1297 filio
480 1252 737 1311 jampridem
758 1251 1063 1307 praestiterant.
1097 1250 1378 1307 Divisumque
1401 1260 1464 1292 est
1485 1266 1560 1292 cor
1582 1251 1741 1306 populi,

212 1325 269 1365 et,
312 1313 559 1354 imminente
600 1310 874 1351 desolationis
916 1309 1099 1359 miseria,
1138 1309 1529 1364 multiplicabantur
1559 1310 1669 1351 mala
1698 1310 1740 1350 in

212 1383 338 1422 terra,
377 1371 478 1412 dum
515 1370 583 1412 alii
611 1368 714 1418 filio,
745 1367 816 1409 alii
836 1366 948 1423 patri
970 1366 1252 1408 adhaererent.
1313 1367 1450 1408 Erant
1470 1368 1542 1423 qui
1564 1368 1657 1409 haec
1688 1368 1744 1409 ad

210 1429 509 1486 purgationem
531 1428 645 1469 facta
665 1426 871 1476 dicerent,
895 1425 997 1466 dum
1029 1424 1070 1466 in
1098 1425 1302 1467 ultionem
1325 1426 1538 1479 sanguinis
1552 1426 1671 1479 justi,
1696 1434 1744 1467 ut

211 1489 434 1544 putabant,
471 1486 795 1541 contingissent.
860 1484 1001 1538 Capto
1035 1498 1134 1524 vero
1167 1498 1266 1537 rege
1305 1483 1462 1525 Scotiae
1486 1484 1742 1535 willielmo,

213 1562 312 1588 cum
348 1545 517 1586 incaute
551 1544 662 1585 circa
685 1541 896 1597 Alnewyk
931 1541 1164 1582 exercitum
1192 1541 1381 1592 duceret,
1405 1551 1462 1592 et,
1486 1542 1602 1597 quod
1624 1542 1745 1584 tutis-

212 1605 318 1646 sima
350 1618 416 1644 res
449 1611 525 1652 est,
561 1617 647 1642 non
681 1602 865 1649 timeret,
889 1608 932 1641 et
964 1599 1223 1641 miserandas
1255 1600 1379 1641 cedes
1416 1600 1744 1657 circumquaque

216 1663 460 1705 Scottorum
492 1661 631 1701 rabies
663 1666 903 1707 exerceret,
936 1672 1084 1698 omnes
1123 1658 1252 1699 corde
1284 1658 1477 1700 dissoluti
1501 1667 1609 1708 sunt,
1644 1658 1744 1715 quia

211 1720 361 1776 praelio
382 1717 622 1775 quieverint
652 1732 744 1772 prae
777 1715 942 1756 timore.
1007 1715 1272 1772 Factumque
1294 1725 1359 1757 est
1382 1725 1427 1757 ut
1447 1715 1591 1757 divina
1611 1716 1744 1771 pietas

211 1793 297 1819 nou
320 1786 406 1819 tam
428 1792 508 1833 pro
530 1791 629 1832 rege
649 1773 874 1816 humiliato
896 1773 1112 1815 videretur
1143 1774 1392 1823 decertasse,
1411 1789 1538 1830 quam
1560 1774 1743 1828 gemitus

210 1850 447 1892 pauperum
479 1843 522 1875 et
553 1833 825 1874 ecclesiarum
858 1832 1177 1882 desolationem,
1201 1847 1297 1888 quae
1332 1832 1515 1872 filiorum
1536 1832 1743 1889 sanguine

212 1894 459 1942 madebant,
484 1891 793 1932 miericorditer
813 1890 1082 1946 prospexisse
1105 1893 1223 1943 [ita]
1275 1891 1401 1944 Capti
1423 1905 1606 1945 namque
1630 1899 1741 1940 sunt,

214 1951 285 2007 qui
318 1951 406 1992 filio
442 1965 589 1991 manus
618 1949 839 1998 dederant,
870 1957 914 1989 et
947 1947 1019 1989 alii
1044 1948 1176 1989 vitam
1207 1949 1249 1988 in
1282 1947 1503 1989 tormentis
1534 1948 1746 2003 deposue-

212 2017 327 2058 runt,
358 2008 427 2050 alii
463 2007 507 2049 in
540 2022 709 2049 carcere
743 2007 883 2057 occisi,
917 2006 986 2048 alii
1014 2005 1302 2047 hereditatum
1339 2014 1381 2047 et
1409 2021 1551 2047 rerum
1573 2021 1743 2047 suarum

214 2066 352 2124 gloria
391 2065 545 2121 privati
586 2073 685 2106 sunt
703 2081 714 2114 3
748 2064 818 2106 alii
849 2063 1060 2106 subversis
1097 2063 1265 2119 oppidis
1287 2063 1385 2114 suis,
1411 2073 1543 2105 terras
1565 2064 1745 2119 pecunia

214 2124 494 2166 redimerunt.
556 2123 800 2164 Defunctus
832 2132 896 2164 est
928 2122 1056 2164 etiam
1084 2137 1163 2163 rex
1189 2121 1405 2163 Henricus
1431 2121 1591 2176 junior,
1615 2137 1744 2178 quem

214 2192 340 2224 antea
360 2192 481 2236 pater
497 2182 539 2222 in
562 2180 953 2223 confederationem
975 2180 1156 2230 asscivit,
1180 2188 1224 2221 et
1245 2195 1391 2235 pacem
1414 2180 1520 2234 patri
1545 2190 1588 2221 et
1609 2195 1743 2234 regno

214 2255 311 2281 cum
343 2240 490 2281 dolore
521 2239 782 2295 dereliquit]
845 2240 1037 2281 Fuerunt
1068 2246 1210 2279 autem
1233 2238 1305 2294 qui
1327 2246 1477 2278 contra
1498 2237 1743 2292 episcopum

216 2297 491 2339 Dunhelmiae
513 2297 699 2339 animum
726 2297 855 2351 Regis
877 2297 1158 2346 concitarunt,
1182 2311 1232 2337 eo
1254 2296 1369 2351 quod
1387 2295 1601 2337 diceretur
1614 2297 1657 2336 in
1672 2311 1743 2337 oc-

214 2356 331 2397 culto
379 2355 484 2410 Regi
520 2356 676 2398 Scotiae
717 2355 984 2404 concessisse,
1008 2355 1109 2395 dum
1132 2354 1314 2395 liberum
1343 2353 1382 2394 ei
1404 2368 1480 2409 per
1511 2354 1614 2394 fines
1646 2369 1744 2396 suos

215 2414 436 2455 transitum
452 2415 672 2463 tribueret,
692 2422 734 2455 et
754 2412 911 2453 nullam
933 2411 1153 2453 resistendi
1167 2411 1481 2453 similitudinem
1500 2411 1720 2455 exhiberet
1730 2428 1743 2462 3

215 2481 254 2512 et
279 2472 367 2527 ipse
390 2472 434 2517 in
455 2472 704 2514 immensam
726 2470 919 2527 pecuniae
941 2470 1219 2527 quantitatem
1240 2469 1414 2527 punitus
1436 2479 1510 2511 est.
