1807 2962
405 77 680 111 APPENDIX.
704 78 824 109 ANN.
852 77 1060 108 MCCCXL
1102 95 1111 105 0
1134 97 1143 106 .
1165 95 1173 105 .
1198 96 1208 105 .
1349 77 1597 109 CCCCXXXV

63 198 108 225 se
128 197 256 239 super
277 183 453 224 eandem
477 199 650 233 moram,
668 186 794 240 juxta
809 198 979 239 parcum
996 192 1201 232 nostrum,
1219 183 1269 224 ad
1295 185 1584 237 pugnandum,

61 242 232 282 aciebus
265 242 487 295 dispositis,
513 251 795 296 paraverunt:
829 242 942 282 unde
966 241 1018 281 ab
1037 241 1141 280 hora
1163 242 1280 295 quasi
1304 242 1432 281 tercia
1455 257 1586 297 usque

59 299 115 339 ad
151 299 296 340 horam
341 313 498 340 nonam
540 310 833 340 remanserunt
874 308 1030 353 pai·teS‚
1070 298 1234 339 vexillis
1272 299 1434 347 erectis,
1474 300 1585 340 inter

58 356 276 398 civitatem
314 356 513 397 Dunelm.
547 365 588 397 et
616 357 848 398 mzwneiium
873 356 1120 410 praedictum
1146 357 1200 396 de
1228 356 1350 395 Bello
1376 356 1441 395 Re
1433 356 1582 405 dditu,

57 413 228 455 modico
265 414 475 455 existente
507 415 648 468 spacio
672 414 780 455 inter
802 429 896 463 eas;
931 429 1000 469 qu
991 430 1014 454 ι
1037 413 1207 468 quidem
1232 413 1346 461 liora,
1371 413 1455 453 ad
1448 428 1584 455 incre-

56 481 247 512 mentum
271 472 414 525 gaudii
439 472 640 512 Ecclesiae
669 471 916 525 Anglicanae
939 471 1099 525 populi,
1120 472 1283 511 eaedem
1307 479 1447 524 partes
1466 480 1582 512 utro-

54 528 182 584 bique
219 529 322 569 dure
355 529 507 570 acerbe
538 539 581 569 et
614 529 751 569 valide
783 529 935 569 acritei
958 529 1162 568 con‘lixei
1167 538 1255 570 unt
1326 528 1422 578 Sed,
1448 529 1578 569 bene

52 585 191 627 dictus
227 585 510 635 Altissimus,
501 602 544 626 m
576 588 691 640 cujus
725 600 848 626 manu
883 594 978 625 sunt
1001 585 1130 625 corda
1158 586 1339 638 hegum,
1364 600 1425 635 ac,
1451 595 1578 639 prout

50 644 84 682 si
106 644 258 697 placet,
279 643 470 683 vulnerat
487 652 529 683 et
553 645 758 693 medetur,
782 643 923 699 dejicit
946 652 988 683 et
1011 658 1074 683 6Χ
1068 643 1186 691 stltat⁷
1215 643 1383 683 Scottos
1411 644 1578 699 Anolici

50 715 148 741 cum
178 700 393 754 triumpho
429 700 608 741 mirifico
644 701 910 755 superarunt,
944 700 1090 740 incolis
1122 700 1306 753 partium
1338 700 1574 751 borialium,

50 773 155 813 quos
189 758 262 799 diu
294 757 430 799 Scotti
462 767 774 812 oppresserant,
799 759 852 798 ad
875 767 1030 811 optatae
1054 758 1257 798 libertatis
1279 758 1435 811 gaudia
1457 760 1577 799 resti-

50 815 165 856 tutis.
219 816 268 856 In
290 830 375 871 quo
389 815 560 871 quidem
584 816 784 856 conflictu
802 815 957 864 David,
977 831 1020 855 se
1044 815 1187 855 dicens
1210 816 1372 869 Regem
1398 817 1574 865 Scociae,

49 882 196 928 captus
218 882 295 922 est,
319 888 412 913 cum
436 874 588 929 sagitta
610 873 651 913 in
675 873 780 914 facie
802 873 987 928 graviter
1009 873 1274 913 vulneratus:
1310 873 1450 913 multis
1475 888 1575 914 vero

49 931 102 971 de
140 931 440 971 valentioribus
477 932 605 971 totius
642 940 769 972 teriae
805 932 968 972 Scociae
1005 930 1235 972 interfectis
1258 941 1300 971 et
1329 931 1573 986 jacentibus

48 1003 172 1042 super
191 1002 351 1028 moram
373 988 427 1029 de
452 989 573 1029 Bello
599 989 789 1030 Redditu
813 988 1106 1029 miserabiliter
1127 988 1367 1037 denudatis,
1392 1004 1573 1052 quotum

48 1060 250 1100 personas
272 1055 315 1086 et
332 1060 555 1086 numerum
574 1046 930 1087 certitudinaliter
944 1045 1062 1086 vobis
1081 1047 1290 1086 nescimus
1308 1061 1572 1100 exprimere·
1562 1078 1571 1095 ‚

47 1119 153 1159 quos
187 1113 329 1144 tamen
365 1118 441 1157 per
473 1104 577 1144 alios
615 1105 712 1144 satis
743 1103 950 1144 habebitis
987 1118 1222 1158 expiessos.
1305 1104 1434 1144 Multi
1471 1119 1572 1145 vero

47 1162 159 1216 capti
191 1171 299 1210 sunt,
333 1175 512 1216 quorum
539 1177 659 1211 unus,
684 1176 771 1202 non
794 1171 933 1202 tamen
957 1161 1162 1202 valentior
1186 1161 1260 1202 sed
1284 1162 1431 1202 revera
1452 1162 1572 1202 mali-

48 1218 257 1259 volentior
293 1228 369 1267 est,
410 1218 671 1259 Willielmus
707 1219 929 1272 Douglas;
967 1219 1085 1272 cujus
1117 1227 1160 1259 et
1189 1219 1366 1259 aliorum
1401 1220 1572 1260 nomina

45 1277 220 1317 vobisin
253 1276 404 1317 cedula
425 1277 586 1317 inclusa
608 1278 886 1330 praesen-tibus
909 1277 1182 1319 destinamus.
1251 1276 1381 1317 Pauci
1404 1277 1457 1317 de
1477 1292 1574 1317 nos-

45 1334 118 1374 tris
141 1333 184 1374 in
205 1334 321 1375 dicto
344 1334 499 1374 mortui
524 1345 619 1374 sunt
636 1334 847 1375 conflictu.
904 1335 1044 1375 Locus
1062 1334 1130 1374 ille
1153 1334 1192 1373 in
1216 1349 1301 1389 quo
1322 1334 1495 1384 bellum,
1520 1335 1573 1376 de

44 1407 130 1447 quo
160 1390 351 1446 superius
374 1392 423 1431 fit
442 1392 612 1441 mentio,
637 1401 701 1432 est
723 1392 1008 1441 commissum,
1032 1392 1142 1432 inter
1165 1392 1378 1432 civitatem
1404 1392 1573 1432 Dunol·

43 1464 232 1490 mensem
265 1457 307 1490 et.
339 1449 550 1504 quendam
575 1450 863 1491 monticellum
887 1451 959 1505 qui
982 1459 1157 1490 vocatur
1178 1449 1413 1514 Fyndonne
1435 1451 1572 1490 nosci-

39 1517 109 1548 tur
129 1507 299 1555 situari3
322 1506 578 1562 quiquidem
595 1507 848 1548 monticulus
866 1523 890 1547 a
911 1507 1093 1562 quodam
1118 1508 1325 1561 praesagio
1346 1509 1571 1561 sumpsisse

39 1580 194 1606 nomen
218 1538 414 1614 creilitur,
435 1579 530 1605 cum
553 1580 676 1620 posse
693 1566 858 1606 dicatur
877 1565 1156 1605 verisimilitei
1177 1565 1431 1619 I⁴yndonne‚
1450 1566 1569 1620 quasi

38 1624 166 1663 finem
187 1623 306 1671 dans,
333 1622 400 1663 vel
420 1623 550 1662 finem
564 1623 741 1666 dandus.
790 1622 956 1663 Nomen
980 1623 1105 1671 enim,
1130 1632 1176 1662 ut
1199 1631 1315 1662 tenet
1335 1625 1567 1663 communis

39 1680 197 1735 opinio,
236 1679 414 1720 discidio
451 1679 677 1720 miserabili
714 1681 829 1735 quod
862 1695 939 1735 per
971 1681 1104 1720 multa
1130 1694 1334 1720 annorum
1359 1681 1568 1721 curricula.

42 1739 154 1778 inter
192 1737 356 1791 Anglos
394 1746 438 1777 et
478 1738 649 1778 Scottos
687 1737 877 1787 invaluit,
920 1739 1056 1791 Ipsius
1089 1747 1347 1791 cooperante
1377 1739 1569 1793 potentia

40 1811 136 1851 quae
158 1794 281 1836 nullis
303 1804 367 1835 est
389 1794 549 1836 inclusa
570 1795 786 1845 limitibus,
806 1795 1030 1849 conjicitur
1052 1795 1145 1836 finis
1168 1794 1272 1838 dari.

156 2059 434 2089 cccxxxvlll.
482 2059 697 2088 LICENCIA
730 2061 955 2089 CONCESSA
989 2062 1168 2089 HUGONI
1203 2062 1447 2090 SHIRBURN

269 2117 326 2144 AD
348 2117 700 2145 TRANSEUNDUM
733 2120 790 2145 AD
823 2119 974 2146 SEDEM
1009 2120 1339 2150 APOSTOLICAM.

583 2210 687 2254 [Reg.
706 2212 758 2242 ΙΙ.
775 2211 832 2243 fol.
851 2214 945 2253 307.]

94 2301 326 2351 Johannes,
362 2301 486 2342 Prior
527 2301 714 2342 ecclesiae
749 2302 1001 2343 cathedralis
1045 2302 1359 2350 Dunelmensis‚
1405 2301 1562 2344 dilecto

37 2359 126 2399 filio
147 2369 293 2399 nostro
320 2358 543 2414 H[ugoni]
576 2359 629 2398 de
662 2359 915 2415 S[hirburn]
944 2360 986 2399 in
1023 2360 1287 2413 amplexibus
1319 2359 1563 2401 salvatoris.

40 2417 149 2457 Cum
186 2416 348 2456 diucius
382 2430 512 2468 penes
566 2431 642 2456 nos
677 2431 772 2456 cum
810 2431 964 2470 magna
1000 2417 1203 2457 instancia
1242 2415 1440 2456 institeris
1482 2432 1561 2471 pro

35 2472 214 2514 licencia
234 2472 468 2528 optinenda
504 2473 646 2513 sedem
669 2474 941 2527 apostolicam
966 2474 1176 2522 visitandi,
1205 2488 1284 2527 pro
1306 2474 1430 2514 certis
1463 2475 1563 2514 arti—

36 2531 139 2571 culis
161 2540 277 2571 tuam
299 2529 603 2571 conscienciam
622 2532 987 2580 concernentibus,
1006 2545 1094 2580 nos,
1114 2531 1291 2572 salutem
1308 2540 1392 2571 tuae
1410 2531 1561 2572 animae

37 2588 296 2637 affectantes,
333 2596 374 2628 et
407 2588 660 2642 peticionem
692 2598 809 2628 tuam
843 2589 1145 2630 racionabilem
1176 2588 1459 2637 attendentes,
1484 2588 1562 2629 tibi

36 2645 257 2685 licenciam
281 2645 335 2685 ad
357 2645 515 2685 dictam
537 2645 682 2686 sedem
703 2646 862 2686 directe
884 2661 938 2687 ex
959 2645 1196 2700 sumptibus
1215 2645 1447 2685 amicorum
1467 2658 1563 2686 tuo-

36 2716 129 2743 rum
153 2702 412 2752 transeundi,
436 2702 489 2743 de
512 2717 718 2744 consensu
741 2704 989 2745 Conventus
1021 2702 1168 2754 nostri,
1193 2703 1465 2745 concedimus
1487 2718 1565 2758 per

749 2763 773 2800 2
798 2774 822 2800 E
847 2765 872 2801 2
