1807 2962
442 95 719 126 APPENDIX.
748 94 871 126 ANN.
902 95 1239 128 mccccxxxw.
1378 80 1591 128 ccxxxvii

65 201 184 256 cujus
224 200 287 242 rei
331 202 619 243 testimonium
662 202 942 256 praesentibus
964 203 1148 259 sigillum
1181 211 1369 243 nostrum
1392 202 1593 244 duximus

64 259 378 313 apponendum.
459 260 575 300 Data
596 259 636 299 in
661 259 845 300 manerio
878 269 1024 301 nostro
1046 260 1099 301 <le
1138 260 1409 314 Bieurepare,
1443 260 1594 316 quinto

64 317 133 359 die
160 316 374 367 Octobris,
398 332 513 358 anno
537 316 715 358 Domini
738 317 962 360 millesimo
985 322 1290 360 cccc¹n⁰xxx¹¹¹⁰
1313 327 1477 374 quarto·

183 591 337 618 CCVIII.
392 590 666 618 INDENTURA
709 589 854 617 INTRR
897 589 1122 616 DOMINUM
1164 590 1377 618 PRIOREM
1421 591 1478 619 ET

182 649 435 676 RECTOREM
479 648 709 676 ECCLESIAE
754 648 802 675 IN
836 647 1062 674 AUSTRALI
1095 648 1265 676 BALLIO
1300 650 1478 677 DUNEL-

181 706 339 734 MENSI.

611 783 715 827 [Reg.
734 781 779 814 11.
799 783 897 815 Parv.
913 781 936 814 f.
955 783 1008 814 81.
1026 782 1077 823 b.]

125 876 240 917 Haec
274 875 499 918 indentura
534 876 647 917 facta
680 876 789 918 inter
819 877 1102 918 reverendum
1125 876 1260 918 virum
1279 878 1498 921 dominum
1520 881 1595 924 Jo-

65 934 264 984 hannem,
282 933 556 989 permissione
579 934 724 976 divina
744 935 934 975 Priorem
951 935 1142 976 ecclesiae
1157 936 1412 978 cathedralis
1432 939 1596 981 Dunel-

65 992 222 1033 mensis
265 1007 319 1033 ex
361 1007 446 1032 uua
481 1000 615 1046 parte,
669 1000 711 1033 et
763 993 1008 1046 magistrum
1062 993 1302 1035 ,Iohannem
1359 995 1591 1053 Burgham,

66 1059 278 1090 rectorem
301 1050 492 1090 ecclesiae
514 1049 763 1104 parochialis
796 1059 955 1091 sanctae
990 1051 1143 1092 Mariae
1175 1052 1217 1092 in
1243 1052 1381 1094 Ballio
1407 1055 1594 1097 Australi

69 1107 355 1160 Dunelrnensi
396 1123 450 1148 ex
473 1118 593 1163 parte
631 1108 779 1158 altera,
825 1117 1016 1158 testatur,
1061 1109 1177 1164 quod
1219 1110 1357 1152 dictus
1397 1112 1594 1154 dominus

71 1165 195 1205 Prior
230 1166 439 1206 concessit
480 1165 658 1220 praefato
700 1166 903 1222 magistro
944 1166 1145 1216 Johanni‚
1188 1169 1389 1223 quamdiu
1430 1172 1597 1213 steterit

66 1232 210 1264 rector
250 1223 376 1264 dictae
413 1223 604 1264 ecclesiae
644 1224 912 1278 parocliiali5‚
956 1239 1084 1265 unam
1126 1240 1310 1266 annuam
1351 1228 1596 1281 pensionem

67 1281 296 1322 tresdecim
329 1281 562 1322 solidorum
596 1291 638 1323 et
668 1292 850 1337 quatuor
882 1282 1165 1332 denariorum,
1189 1283 1507 1338 percipiendam
1540 1289 1595 1329 ad

65 1338 174 1380 festa
202 1339 476 1380 Pentecostes
499 1348 539 1379 et
572 1350 731 1380 sanctae
770 1339 921 1380 Mariae
944 1341 985 1380 in
1009 1340 1147 1381 hieme
1181 1356 1259 1395 per
1292 1343 1461 1397 equales
1499 1359 1597 1399 por-

67 1396 237 1446 cione53
269 1397 468 1438 videlicet
489 1412 565 1437 sex
587 1397 742 1437 solidos
766 1406 809 1437 et
841 1406 940 1438 octo
962 1397 1158 1439 denarios
1181 1399 1236 1439 ad
1257 1399 1410 1441 festum
1437 1401 1596 1444 Pente-

68 1465 220 1504 costeS‚
245 1465 286 1497 et
318 1470 392 1496 sex
424 1454 580 1495 solidos
604 1463 646 1495 et
669 1463 768 1495 octo
790 1455 988 1496 denarios
1011 1456 1064 1496 ad
1087 1456 1239 1497 festum
1263 1467 1420 1499 sanctae
1440 1459 1595 1502 Mariae

67 1514 110 1553 in
148 1513 301 1562 hieme9
340 1513 382 1553 in
425 1527 743 1567 recompensam
784 1522 997 1554 certarum
1039 1513 1296 1555 decimarum
1340 1515 1598 1561 minutarum

67 1570 327 1611 diversorum
349 1571 540 1611 locorum
554 1570 640 1611 sive
655 1580 844 1611 ortorum
867 1571 965 1611 olim
989 1571 1097 1612 infra
1113 1573 1217 1612 fines
1240 1582 1282 1613 et
1304 1572 1455 1615 limites
1473 1576 1601 1618 dictae

66 1628 318 1682 parochialis
341 1628 546 1678 ecclesiae‚
570 1643 683 1669 nunc
705 1639 847 1669 autem
879 1629 987 1669 infra
1019 1639 1139 1684 septa
1161 1631 1407 1672 monasterii
1432 1633 1599 1676 Dunel-

67 1686 223 1726 mensis
260 1686 525 1735 situat0rum‚
561 1701 639 1740 pro
676 1687 827 1741 quibus
865 1686 1040 1727 decimis
1077 1687 1281 1729 Rectores
1315 1689 1441 1730 dictae
1473 1706 1596 1745 paro-

68 1743 213 1784 chialis
235 1744 426 1785 ecclesiae
448 1754 604 1784 sanctae
627 1744 776 1784 Mariae
800 1744 841 1784 in
868 1744 1005 1785 Ballio
1029 1745 1218 1786 Australi
1240 1747 1433 1788 solebant
1454 1764 1596 1791 come-

69 1802 172 1842 dere
194 1801 319 1842 certis
341 1802 489 1842 diebus
512 1801 620 1841 infra
644 1802 904 1842 Abbathiam
943 1802 1292 1844 Dunelmensem.
1376 1806 1596 1850 Concessit

70 1859 204 1900 eciam
227 1859 429 1913 praefatus
454 1859 576 1900 Prior
598 1859 804 1913 praedicto
835 1859 1038 1913 magistro
1069 1861 1262 1901 ,Iohanni
1278 1876 1406 1903 unum
1430 1879 1597 1919 garma-

70 1926 260 1958 mentum
283 1918 502 1958 annuatim
525 1917 578 1957 de
601 1926 714 1957 secta
729 1916 977 1958 clericorum
1000 1933 1184 1967 suorum,
1200 1919 1523 1974 percipiendum
1539 1924 1595 1965 ad

69 1975 224 2015 festum
247 1975 410 2016 Natalis
434 1974 622 2024 Domini,
641 1990 719 2029 pro
739 1975 854 2016 fideli
877 1975 1053 2016 servicio
1075 1991 1150 2016 suo
1172 1975 1460 2031 impendendo
1482 1980 1598 2024 dicto

74 2032 210 2073 Priori
233 2042 276 2073 et
298 2033 606 2074 successoribus
628 2032 724 2082 suis⁹
741 2048 907 2074 necnon
930 2033 1212 2074 confratribus
1229 2036 1312 2075 suis
1327 2035 1597 2091 quibuscum-

71 2105 154 2145 que
191 2090 409 2132 monachis
446 2090 820 2141 Dunelmensibus‚
865 2091 906 2130 in
940 2091 1133 2132 omnibus
1166 2092 1300 2133 causis
1332 2102 1374 2134 et
1410 2097 1598 2152 negociis

71 2148 360 2202 expediendis,
379 2148 668 2203 procurandis⁹
688 2157 730 2189 et
745 2148 986 2198 tractandis,
1010 2149 1211 2204 quociens
1232 2161 1273 2191 et
1294 2166 1423 2206 quum
1446 2154 1499 2194 ad
1517 2155 1599 2196 hoc

70 2205 298 2261 requisitus
320 2206 460 2255 fuerit,
485 2214 571 2247 tam
605 2205 646 2246 in
673 2206 837 2260 judicio
859 2221 985 2262 quam
1017 2216 1154 2257 extra,
1178 2222 1267 2261 prae
1290 2210 1484 2251 omnibus
1506 2212 1598 2254 aliis

74 2271 117 2303 et
154 2271 305 2304 contra
345 2278 488 2304 omnes
526 2264 629 2304 alios
666 2264 774 2304 infra
815 2263 1016 2304 diocesim
1051 2265 1384 2306 Dunelmensem
1410 2276 1451 2308 et
1473 2278 1596 2311 extra

71 2330 250 2377 peraget
284 2328 328 2361 et
355 2320 559 2374 implebit,
584 2335 632 2361 ac
655 2321 818 2374 justum
842 2336 988 2361 sanum
1010 2322 1230 2362 consilium
1253 2331 1296 2363 et
1315 2326 1598 2376 patrociuium

73 2378 305 2419 secundum
327 2377 657 2419 discreccionem
679 2379 756 2418 sibi
779 2394 804 2419 a
828 2378 924 2419 Deo
946 2379 1088 2419 datam
1112 2379 1329 2433 praestabit
1351 2381 1533 2425 fideliter
1553 2386 1594 2426 in

72 2435 244 2486 eisdem,
257 2436 316 2476 ita
331 2447 469 2476 tamen
487 2436 598 2490 quod
616 2451 744 2491 quum
763 2437 896 2490 ipsum
916 2436 1161 2490 magistrum
1175 2437 1412 2479 Johannem
1430 2441 1483 2481 ad
1501 2456 1599 2496 pro-

72 2494 292 2549 sequenda
311 2493 498 2548 ipsorum
522 2493 678 2534 Prioris
695 2502 737 2534 et
762 2494 948 2548 Capituli
981 2494 1159 2548 negocia
1186 2495 1340 2536 alicubi
1361 2497 1472 2538 mitti
1497 2514 1597 2541 con-

74 2551 210 2605 tinget
233 2560 355 2592 extra
376 2552 577 2592 diocesim
599 2552 667 2592 vel
681 2551 891 2592 civitatem
910 2552 1256 2603 Dunelmensem‚
1274 2567 1481 2607 expensas
1502 2572 1599 2611 pro-

73 2609 319 2663 hujusmodi
342 2609 528 2666 negociis
550 2609 771 2664 requisitas
803 2618 845 2650 et
876 2611 1129 2651 necessarias
1151 2611 1273 2652 Prior
1290 2620 1333 2652 et
1353 2612 1598 2667 Capitulum

73 2667 270 2721 praedicti
283 2667 360 2709 sibi
378 2669 534 2709 facient
551 2666 792 2709 ministrari.
831 2667 876 2708 In
895 2683 1076 2724 quorum
1093 2670 1282 2711 omnium
1305 2671 1596 2715 testimonium
