1807 2962
195 57 283 104 lXX'l
507 74 638 110 HIST.
667 75 904 108 DUNELM.
937 75 1238 107 SCRIPTORES
1263 76 1400 107 TREs.

327 373 467 401 XLVII.
490 373 645 400 BULLA
668 374 924 403 PRIVILEGII
942 375 1219 404 INNOCENTII
1243 376 1296 404 111
1315 376 1373 404 DE
1397 374 1628 403 ECCLESIIS

332 432 389 459 ET
410 432 576 458 TERRIS
600 433 656 458 AD
680 433 851 460 DOMUM
886 434 1096 461 DUNELM.
1121 434 1457 463 SPECTANTIBUS
1490 432 1546 460 ET
1568 432 1626 459 DE

331 489 503 516 LIBERA
525 489 796 518 SEPULTURA
819 491 866 518 IN
892 492 1137 519 CIMITERIO
1154 492 1361 522 DUNELM.
1382 490 1626 526 ECCLESIAE,

333 547 390 574 ET
414 547 684 589 CONFIRMAT
718 549 988 578 PRIVILEGIA
1022 551 1048 577 A
1081 549 1510 579 PREDECESSORIBUS
1533 548 1630 576 SUIS

337 605 576 634 CONCESSA.

824 685 935 726 [Cart.
953 686 982 719 1.
996 685 1020 720 f.
1038 688 1069 719 8.
1085 687 1135 728 b.]

283 759 556 801 Innocentius
602 760 850 817 Episcopus,
893 777 1036 804 servus
1077 778 1294 804 servorum
1327 761 1425 812 Dei,
1458 760 1622 803 dilectis
1656 759 1752 801 filiis

226 818 361 859 Priori
388 818 687 859 Dunelmensis
710 820 913 870 ecclesiae,
937 821 1112 877 ejusque
1129 821 1343 870 fratribus,
1368 830 1453 862 tam
1475 818 1754 875 praesentibus

198 880 201 881 ⁷
225 892 350 932 quam
373 875 538 926 futuris,
562 878 803 933 regularem
831 879 960 919 vitam
993 879 1190 934 professis
1213 879 1525 934 inperpetuum.
1602 876 1756 917 Monet

224 949 300 975 nos
329 934 574 989 apostolicae
607 935 718 976 sedis
741 936 984 987 auctoritas,
1016 938 1084 978 cui
1115 937 1216 978 licet
1244 936 1442 977 immeriti
1464 934 1753 990 praesidemus,

222 1007 302 1047 pro
324 1001 435 1033 statu
459 992 647 1033 omnium
666 993 936 1034 ecclesiarum
953 994 1132 1049 provida
1145 994 1524 1049 circumspectione
1539 1002 1757 1049 satagere3

225 1059 268 1090 et
291 1065 343 1091 ne
366 1050 649 1103 malignorum
672 1050 827 1105 rapinis
861 1052 927 1092 vel
959 1052 1160 1093 molestiis
1183 1062 1458 1107 exponantur
1479 1050 1758 1106 apostolicum

226 1108 306 1148 illis
330 1108 610 1162 patrocinium
636 1108 858 1163 impertiri.
922 1109 987 1150 Ea
1008 1119 1196 1165 propter,
1222 1110 1366 1151 dilecti
1388 1110 1429 1150 in
1456 1109 1643 1150 Domino
1666 1107 1755 1158 filii,

229 1166 376 1206 vestris
402 1165 524 1221 justis
556 1166 918 1219 postulacionibus
950 1168 1184 1209 clementer
1206 1168 1441 1218 annuimus,
1465 1176 1507 1209 et
1538 1166 1760 1221 praefatam

232 1224 565 1264 Dunelmensem
590 1224 825 1274 ecclesiam,
842 1224 881 1264 in
905 1241 988 1281 qua
1010 1226 1152 1267 divino
1169 1228 1397 1281 mancipati
1419 1227 1515 1267 estis
1540 1224 1757 1280 obsequio,

230 1281 285 1322 ad
317 1281 533 1336 exemplar
565 1280 696 1323 felicis
719 1283 1029 1324 recordacionis
1055 1285 1255 1326 Celestini
1286 1286 1415 1339 Papae
1438 1281 1761 1338 praedecessoris

233 1339 381 1390 nostri,
405 1340 483 1380 sub
507 1339 621 1380 beati
646 1340 759 1381 Petri
784 1350 826 1382 et
846 1352 990 1383 nostra
1018 1343 1284 1397 protectione
1307 1342 1570 1397 suscipimuS,
1595 1350 1637 1382 et
1657 1355 1766 1395 prae-

237 1399 368 1438 sentis
402 1396 545 1451 scripti
582 1397 805 1453 privilegio
838 1400 1158 1445 communimus,
1227 1401 1435 1455 Inprimis,
1455 1398 1660 1455 siquidem
1683 1407 1768 1438 sta-

236 1464 408 1497 tuentes
432 1465 477 1496 ut
495 1455 601 1496 ordo
624 1457 893 1508 monasticus,
913 1459 983 1514 qui
1008 1460 1239 1500 secundum
1260 1460 1402 1500 Deum
1425 1467 1468 1498 et
1489 1456 1603 1498 beati
1629 1457 1765 1498 Bene-

238 1513 341 1555 dicti
384 1513 570 1567 regulam
618 1513 660 1554 in
715 1516 862 1556 eadem
906 1517 1082 1558 ecclesia
1122 1517 1336 1558 institutus
1377 1531 1467 1557 esse
1520 1513 1764 1562 dinoscitur,

239 1572 451 1627 perpetuis
484 1571 642 1613 ibidem
676 1574 935 1627 temporibus
973 1575 1269 1615 inviolabiliter
1300 1576 1548 1615 observetur
1570 1571 1768 1623 [—Then

223 1632 394 1684 follows
424 1646 450 1670 α
481 1632 575 1682 [0729
603 1633 890 1684 confirmation
921 1636 976 1685 of
994 1634 1057 1674 tlte
1087 1635 1277 1675 clewvckes
1307 1635 1391 1673 and
1419 1638 1560 1674 estates
1591 1643 1767 1683 possess-

240 1691 290 1729 ed
308 1690 359 1741 by
379 1690 442 1729 tlte
468 1689 666 1741 Chaerea]
749 1689 1022 1744 Sepulturam
1053 1706 1222 1747 quoque
1255 1691 1444 1745 ejusdem
1480 1688 1562 1730 loci
1592 1688 1767 1728 liberam

242 1761 330 1786 esse
352 1745 643 1795 decrevimus3
675 1756 721 1787 ut
745 1762 891 1788 eorum
923 1749 1145 1790 devocioni
1168 1759 1209 1790 et
1227 1759 1430 1790 extremae
1452 1747 1676 1795 voluntati,
1700 1744 1770 1800 qui

242 1819 285 1844 se
303 1803 386 1844 illic
409 1803 575 1858 sepeliri
593 1804 932 1856 deliberaverint,
956 1808 1033 1847 nisi
1055 1808 1163 1847 sorte
1182 1806 1539 1847 excommunicati
1555 1804 1619 1845 vel
1642 1804 1770 1843 inter·-

243 1861 345 1901 dicti
368 1862 466 1911 sint,
492 1861 631 1901 nullus
653 1863 855 1912 obsistat3
897 1864 1011 1904 salva
1032 1874 1173 1906 tamen
1190 1865 1362 1919 justicia
1388 1864 1552 1904 illarum
1576 1860 1769 1902 ecclesia·

244 1933 336 1959 rum
369 1934 393 1959 a
422 1918 574 1974 quibus
605 1928 869 1961 mortuorum
903 1936 1082 1976 corpora
1103 1932 1383 1965 assumuntur.
1448 1921 1648 1962 Obeunte
1670 1932 1771 1959 vero

247 1976 531 2019 Dunelmensi
560 1976 789 2032 Episcopo,
814 1979 878 2019 vel
901 1994 1071 2021 suorum
1095 1980 1286 2036 quolibet
1307 1993 1610 2027 successorum,
1634 1976 1770 2017 nullus

249 2034 305 2074 ibi
339 2033 526 2089 qualibet
558 2035 838 2089 surrepcionis
873 2038 1032 2078 astucia
1067 2054 1138 2079 seu
1162 2038 1371 2079 violencia
1387 2044 1673 2092 praeponatur,
1698 2032 1773 2074 nisi

248 2106 375 2148 quem
411 2092 533 2133 Prior
567 2102 609 2133 et
637 2093 787 2134 fratres
812 2094 1111 2137 Dunelmensis
1144 2096 1350 2146 ecclesiae,
1373 2096 1440 2136 vel
1470 2109 1616 2136 eorum
1640 2092 1772 2147 major

247 2164 357 2205 pars,
380 2149 541 2190 consilii
563 2150 754 2201 sanioris,
777 2153 1009 2194 secundum
1026 2154 1110 2196 Dei
1136 2154 1330 2195 timoren]
1354 2152 1558 2194 canonice
1580 2150 1774 2205 provide-

247 2210 332 2249 rint
354 2208 611 2262 eligendum.
677 2209 930 2261 Libertates,
953 2212 1134 2267 insuper,
1159 2212 1460 2261 immunitates,
1481 2224 1647 2250 necnon
1670 2205 1775 2249 anti-

252 2281 356 2322 quas
379 2278 422 2307 et
444 2266 720 2307 racionabiles
742 2270 1066 2311 consuetudines
1099 2270 1286 2312 ecclesiae
1309 2278 1458 2310 vestrae
1480 2281 1701 2309 concessas
1732 2272 1773 2305 et

252 2325 457 2365 hactenus
492 2324 747 2376 observatas,
770 2334 881 2367 ratas
917 2327 1150 2377 habemus3
1184 2340 1226 2369 et
1253 2343 1322 2368 eas
1344 2327 1494 2368 futuris
1518 2323 1774 2379 temporibus

255 2383 436 2423 illibatas
478 2397 647 2423 manere
687 2384 933 2428 sanccimus,
978 2410 1036 2418 —
1078 2386 1194 2427 Data
1236 2385 1453 2433 Laterani,
1496 2398 1571 2438 per
1604 2393 1772 2423 manum

257 2440 387 2481 Blasii
412 2441 581 2481 Sanetae
615 2441 822 2482 Romanae
844 2444 1034 2484 ecclesiae
1057 2445 1298 2485 subdecano
1321 2453 1361 2484 et
1386 2443 1566 2491 notario,
1590 2454 1665 2481 xv1
1689 2437 1766 2478 kal.

259 2498 429 2552 Aprilis,
441 2497 675 2540 indictione
687 2508 850 2554 quarta,
862 2500 1165 2544 incarnacionis
1179 2501 1417 2543 Dominicae
1435 2511 1664 2548 annoMCC,
1675 2509 1776 2552 pon-

252 2556 434 2598 tificatus
462 2556 696 2598 Innocentii
719 2571 770 2599 111
793 2573 975 2602 anno...
