1807 2962
162 58 355 116 ccccviii
538 84 670 117 HisT.
693 85 927 117 DUNELM.
956 85 1257 120 SCRIPTORES
1282 89 1421 121 Tuus„

282 418 495 447 CCCXVIII.
533 417 678 444 CARTA
711 415 880 444 DOMINI
915 415 1223 444 CHRISTOFERI
1248 415 1577 446 DUNELMENSIS

281 475 487 502 EPISCOPI
522 475 663 502 FACTA
698 475 858 502 PRIORI
894 474 949 500 ET
983 474 1248 501 CONVENTUI
1272 475 1574 503 DUNELMENSI

280 533 338 559 DE
371 533 489 561 TOTO
528 534 664 560 VASTO
699 533 783 560 SUB
819 532 989 559 CASTRO
1025 533 1080 559 ET
1113 532 1256 559 MURIS
1291 532 1512 560 ClVITATIS
1550 534 1577 560 A

280 591 430 618 PONTE
466 592 523 618 DE
558 590 905 618 FRAMWELGATE
930 590 1078 621 USQUE
1112 591 1169 617 AD
1203 590 1393 617 FONTEM
1417 591 1474 618 DE
1499 591 1576 618 EL-

280 649 395 676 VETT
419 649 475 676 ET
498 649 657 677 TOTUM
681 649 739 676 DE
765 648 886 680 AQUA
920 648 976 674 DE
997 648 1124 675 WERE
1147 648 1288 675 INTER.
1320 648 1576 677 PREDICTOS

832 705 1022 736 PONTES.

449 821 560 863 [cart.
580 819 646 852 111.
661 818 717 852 foi.
736 820 795 850 291
819 818 853 850 b.
869 821 904 850 et
919 817 1131 860 mig-210.
1158 816 1280 849 Pontis.
1297 817 1340 849 A.
1360 817 1409 857 2.]

225 900 528 949 Christoforus,
555 897 637 938 Dei
659 895 801 951 gracia
825 894 1060 948 Episcopus
1084 893 1402 944 Dunelmensis,
1423 894 1618 936 omnibus
1640 896 1695 936 ad

164 977 269 1018 quos
302 967 535 1015 praesentes
568 955 723 996 litterae
759 961 916 993 nostrae
949 952 1238 1005 pervenerint,
1277 952 1470 994 salutem.
1546 953 1696 994 Sciatis

165 1019 281 1076 quod
302 1033 393 1066 nos,
430 1016 483 1056 de
515 1012 658 1070 gracia
689 1019 835 1051 nostra
855 1008 1038 1064 speciali,
1062 1023 1111 1049 ac
1134 1009 1188 1049 ob
1211 1008 1398 1051 favorem
1422 1019 1464 1052 et
1487 1010 1695 1054 internam

165 1076 431 1120 affectionem
465 1086 573 1129 quos
605 1069 788 1124 gerimus
820 1081 922 1122 erga
947 1066 1089 1108 Deum
1112 1075 1154 1107 et
1176 1078 1366 1108 sanctum
1394 1068 1695 1120 cuthbertum,

166 1146 209 1178 et
261 1133 481 1176 ecclesiam
531 1126 833 1171 Cathedralem
885 1133 1075 1166 nostram
1128 1124 1476 1176 Dunelmensem‚
1528 1141 1698 1168 necnon

168 1194 359 1236 Priorem
396 1198 440 1231 et
479 1189 751 1230 Conventum
787 1184 885 1224 Deo
922 1191 966 1223 et
1002 1190 1148 1223 sancto
1172 1183 1411 1225 Cuthberto
1447 1184 1489 1224 in
1521 1185 1702 1227 ecclesia

164 1262 310 1294 nostra
345 1246 553 1305 praedicta
588 1243 833 1291 servientes,
858 1249 900 1282 et
933 1256 986 1281 ne
1008 1240 1136 1281 iidem
1163 1241 1284 1282 Prior
1312 1250 1356 1282 et
1380 1243 1628 1284 Conventus
1650 1258 1700 1284 ac

166 1322 425 1352 successores
462 1304 538 1354 sui,
564 1301 823 1357 temporibus
857 1298 1022 1349 sutum,
1046 1298 1311 1340 oracionibus
1349 1299 1434 1341 suis
1467 1316 1515 1342 ac
1549 1301 1700 1343 ceteris

167 1368 321 1410 divinis
353 1363 552 1420 operibus
583 1376 659 1416 per
681 1358 901 1400 malivolos
923 1365 1146 1407 vexentur,
1171 1358 1485 1412 perturbentur,
1509 1374 1581 1400 seu
1604 1374 1701 1416 gra-

165 1435 332 1475 ventur,
366 1422 572 1470 dedimus,
607 1417 902 1466 concessimus,
926 1430 974 1456 ac
1005 1430 1084 1470 per
1114 1425 1345 1469 praesentes
1367 1416 1515 1457 damus
1537 1425 1578 1458 et
1599 1432 1700 1458 con-

166 1485 368 1532 cedimus,
393 1481 577 1522 Thomae
600 1491 711 1518 nunc
737 1474 874 1517 Priori
898 1472 1176 1514 Dunelmensi
1203 1482 1247 1515 et
1268 1474 1458 1528 ejusdem
1480 1474 1562 1516 loci
1586 1476 1700 1517 Con·-

168 1542 326 1592 ventui,
351 1548 394 1582 et
415 1535 731 1579 successoribus
753 1532 851 1583 suiS,
877 1540 1014 1573 totum
1035 1530 1140 1571 illud
1155 1541 1316 1573 vastum
1334 1541 1527 1574 nostrum
1554 1533 1700 1588 jacens

168 1618 193 1644 a
232 1608 363 1656 ponte
407 1597 460 1638 de
494 1593 817 1647 Framwelgate‚
843 1605 898 1631 ex
941 1597 1060 1644 parte
1103 1590 1273 1631 australi
1314 1590 1505 1646 ejusdem
1545 1591 1699 1646 pontis,

167 1674 301 1716 usque
337 1664 510 1713 pontem
550 1653 603 1694 de
629 1652 787 1700 Elvett,
826 1664 881 1690 ex
917 1656 1039 1703 parte
1071 1647 1221 1689 boriali
1255 1649 1444 1703 ejusdem
1479 1649 1634 1705 pontiS,
1658 1658 1703 1693 et

168 1719 277 1760 inter
299 1729 466 1757 murum
493 1710 631 1754 Castri
662 1708 794 1750 nostri
818 1705 1119 1748 Dunelmensis
1150 1721 1198 1747 ac
1230 1721 1374 1748 muros
1397 1708 1586 1748 ecclesiae
1609 1723 1704 1749 nos-

168 1786 245 1818 trae
279 1770 546 1817 Cathedralis
580 1767 786 1824 predictae
823 1774 867 1806 et
899 1779 1050 1820 aquarn
1084 1763 1138 1805 de
1177 1764 1312 1806 Were.
1378 1765 1637 1807 Habendum
1661 1776 1705 1808 et

168 1833 399 1876 tenendum
414 1838 552 1871 totum
566 1825 816 1882 praedictum
834 1831 1001 1864 vastum
1024 1832 1212 1863 nostrum
1234 1823 1414 1877 praefato
1435 1839 1547 1865 nunc
1565 1823 1705 1866 Priori

167 1902 211 1934 et
234 1888 491 1938 Conventui,
515 1894 558 1927 et
594 1882 904 1925 successoribus
937 1881 1035 1921 suis.
1100 1880 1342 1922 Reddendo
1363 1882 1462 1922 inde
1483 1882 1705 1924 annuatim

171 1950 293 1992 nobis
331 1957 373 1989 et
400 1942 709 1987 successoribus
745 1938 914 1988 nostris,
938 1938 991 1978 ad
1025 1937 1280 1979 scaccarium
1314 1948 1505 1980 nostrum
1541 1940 1706 1982 Dunel-

172 2022 330 2056 mense,
355 2005 408 2046 ad
445 2004 555 2044 festa
579 2000 757 2041 Paschae
791 2006 833 2038 et
865 1996 996 2037 sancti
1022 1995 1260 2046 Michaelis,
1285 1997 1401 2052 equis
1418 1998 1703 2052 porcionibus,

174 2066 226 2108 ad
271 2078 419 2105 manus
464 2055 778 2102 constabularii
820 2054 946 2096 castri
986 2053 1117 2094 nostri
1159 2054 1352 2108 praedicti
1397 2069 1474 2110 pro
1515 2065 1707 2111 tempore

175 2121 409 2169 existentis,
435 2116 660 2160 tresdecim
674 2114 830 2156 solidos
852 2120 896 2154 et
918 2120 1100 2166 quatuor
1113 2112 1333 2162 denari053
1364 2123 1407 2154 et
1429 2113 1462 2154 si
1485 2115 1707 2170 contingat

175 2181 337 2223 dictum
375 2176 586 2219 redditum
625 2172 848 2215 tresdecim
879 2170 1109 2211 solidorum
1143 2179 1186 2211 et
1220 2181 1402 2227 quatuor
1434 2172 1707 2214 denariorum

175 2256 199 2281 a
219 2248 334 2280 retro
356 2237 446 2277 fore
476 2249 562 2276 non
597 2232 797 2280 solutum,
822 2231 863 2270 in
886 2236 1006 2284 parte
1029 2228 1092 2269 vel
1116 2227 1158 2268 in
1182 2238 1289 2279 toto,
1313 2240 1411 2285 post
1433 2230 1605 2286 ailquod
1625 2231 1708 2272 fes-

175 2306 263 2338 tum
300 2297 505 2337 festorum
541 2290 859 2346 praedictorum,
884 2302 969 2344 quo
1005 2286 1109 2327 solvi
1141 2286 1307 2337 debeat,
1336 2303 1415 2343 per
1446 2289 1705 2344 quarterium

174 2355 299 2397 unius
332 2352 444 2402 anni,
470 2361 569 2392 tunc
600 2346 795 2404 praedicti
822 2345 943 2387 Prior
964 2353 1008 2386 et
1032 2345 1277 2386 Conventus
1311 2345 1458 2386 volunt
1490 2354 1532 2387 et
1553 2361 1707 2388 conce-

175 2414 283 2454 dunt
320 2426 395 2466 per
430 2416 660 2464 praesentes
697 2404 812 2462 quod
847 2404 957 2445 bene
989 2402 1132 2443 licebit
1161 2402 1283 2444 nobis
1320 2412 1364 2443 et
1397 2405 1707 2445 successoribus

172 2471 326 2513 nostris
359 2484 405 2510 ac
431 2464 761 2509 Constabulario
793 2470 938 2503 nostro
963 2460 1102 2502 Casti-i
1132 2460 1265 2501 nostri
1289 2461 1603 2512 Dunelmensis,
1627 2477 1709 2517 pro

176 2539 368 2583 tempore
402 2523 635 2571 existentis,
660 2522 701 2562 in
732 2520 983 2576 praedictum
1016 2527 1180 2559 vastum
1200 2519 1355 2560 intrare
1377 2526 1419 2560 et
1441 2518 1707 2574 distringere,

176 2586 467 2629 districciones
490 2581 646 2623 ibidem
669 2590 813 2633 captas
836 2577 1061 2625 abducere,
1086 2585 1315 2629 asportare,
1333 2577 1494 2631 fugare,
1514 2586 1555 2618 et
1576 2592 1707 2632 penes

175 2661 217 2687 se
240 2643 434 2691 retinere,
459 2653 677 2695 quousque
711 2637 764 2677 de
797 2634 1005 2690 praedicto
1039 2634 1207 2674 redditu
1240 2649 1323 2675 una
1344 2649 1440 2675 cum
1469 2635 1703 2689 arreragiiS,

175 2703 206 2743 si
245 2716 340 2757 quae
374 2698 542 2746 fuerint,
571 2694 692 2737 nobis
723 2693 845 2736 fuerit
871 2692 1052 2733 solutum
1076 2701 1117 2732 et
1140 2692 1425 2734 satisfactum:
1459 2701 1502 2733 et
1524 2694 1555 2733 si
1589 2693 1706 2734 nulla

167 2759 378 2802 sufficiens
413 2753 624 2797 districeio
659 2767 736 2808 pro
773 2750 991 2793 solucione
1014 2748 1205 2791 redditus
1237 2749 1442 2806 praedicti‚
1467 2749 1526 2792 sic
1547 2765 1572 2792 a
1590 2758 1705 2792 retro
