1807 2962
489 67 767 99 APPEme.
799 67 919 99 ANN.
947 61 1202 99 mccccm.
1497 56 1603 104 cxci

76 173 204 215 fuerit
235 173 289 215 ad
321 173 482 230 aliquid
514 174 771 216 beneficium
822 173 1151 216 ecclesiasticum
1194 175 1307 231 quod
1332 175 1504 218 duxerit
1538 193 1606 220 30-

75 232 349 287 ceptandum.
414 233 470 274 Et
514 234 548 274 si
584 233 721 275 dictus
756 232 957 289 magister
1001 233 1217 274 Robertus
1259 248 1335 288 per
1376 236 1605 289 praedictos

78 289 271 331 Priorem
289 300 332 331 et
350 290 607 356 Capitulum,
625 300 697 332 aut
712 306 972 332 successores
990 306 1101 341 SUOS,
1119 291 1173 332 ad
1191 291 1348 333 curiam
1370 291 1606 335 Romanam

75 349 118 388 in
148 348 335 403 negociis
369 349 452 389 suis
473 349 601 391 fueiit
624 349 903 399 tlansmissus,
928 349 1121 403 praedicti
1146 349 1269 391 Prior
1291 360 1333 391 et
1359 352 1607 406 Capitulum

74 384 324 448 conceodunt
354 421 432 461 per
454 417 682 462 praesentes
705 407 913 462 praedicto
935 408 1138 461 magistro
1166 407 1360 449 Roberto
1384 423 1514 449 unae-i
1535 425 1610 451 an-

74 480 202 506 nuam
236 465 482 520 pensionem
516 475 687 507 centum
724 465 971 530 solidorum,
1002 465 1177 519 singulis
1207 467 1327 508 annis
1349 467 1502 523 quibus
1526 479 1609 510 ste-

75 522 176 564 terit
199 522 241 563 in
263 522 469 577 praedicta
491 523 607 565 curia
627 523 668 564 in
693 523 882 577 negociis
905 523 991 564 suis
1013 523 1249 579 occupatis,
1273 525 1326 566 de
1348 525 1608 567 monasterio

74 581 130 622 ad
161 580 269 622 festa
300 581 507 636 praedicta
537 597 612 636 per
633 582 807 637 equales
830 580 1055 636 p01ciones
1077 582 1447 649 percipendorum:
1515 585 1608 626 Sol-

74 646 260 695 ventque
282 640 454 694 insuper
476 639 613 681 eidem
638 640 841 694 magistro
859 639 1052 680 Roberto
1071 654 1148 694 pro
1166 641 1364 695 expensis
1382 641 1467 683 suis
1487 642 1609 684 itine-

74 696 232 738 ralibus
255 713 400 739 versus
422 697 580 739 dictam
604 697 762 739 curiam
784 713 815 738 x
835 712 1000 738 marcas
1022 697 1337 753 stellingorum,
1361 709 1405 741 et
1426 716 1504 756 pro
1534 714 1610 742 ex-

73 754 217 810 pensis
235 755 320 797 suis
335 756 387 797 de
403 756 548 797 eadem
566 756 681 798 curia
694 755 784 797 aliis
798 755 1086 821 consimilesx
1092 771 1277 807 11111035
1296 767 1426 814 etpro
1435 759 1610 824 singulis

77 813 322 868 septimanis
344 813 497 870 quibus
515 814 680 856 steterit
698 815 737 854 in
757 813 872 855 dicta
889 813 1005 855 curia
1018 813 1060 854 in
1076 813 1266 869 ipsorum
1284 816 1470 873 negociis
1486 833 1610 858 occu-

75 881 202 926 patus
239 873 387 913 decem
431 872 589 914 solidos
626 872 940 926 sterlingorum.
1026 872 1083 914 Et
1125 882 1285 928 praeter
1330 874 1424 917 haec
1463 877 1610 917 01111113.

76 929 246 983 ptaefati
305 930 430 971 Pri01
488 939 531 971 et
588 930 836 986 Capitulum
900 929 1159 972 or-dinabunt
1215 947 1426 988 expensas
1477 933 1612 974 omni-

76 988 226 1029 modas
283 1003 387 1044 quas
444 988 574 1029 bullae
634 988 894 1043 Apostolicae
964 1002 1043 1043 pro
1101 989 1185 1030 suis
1236 991 1426 1047 negociis
1478 992 1612 1047 impe-

78 1046 246 1087 trandae
298 1055 341 1087 et
392 1046 580 1101 ipsonum
632 1061 850 1101 promocio
904 1048 1088 1100 exigunt
1140 1056 1184 1089 et
1234 1049 1471 1104 requirunt.
1554 1051 1610 1091 Et

78 1118 174 1144 cum
213 1104 443 1159 plaedictus
486 1104 684 1159 magister
728 1105 943 1146 Robertus
981 1105 1035 1145 ab
1073 1106 1222 1147 eadem
1259 1107 1377 1148 curia
1419 1108 1610 1159 redierit,

77 1161 271 1217 praedicti
297 1163 420 1203 P1io1·
441 1171 484 1204 et
510 1162 756 1217 Capitulum
776 1177 832 1204 ex
855 1162 1039 1203 uberiori
1061 1163 1176 1204 dono
1197 1165 1352 1218 graciae
1370 1167 1610 1207 concedunt

77 1219 285 1274 praedicto
323 1220 524 1275 magistro
563 1221 757 1262 Roberto
791 1235 867 1275 per
897 1230 1124 1275 praesentes
1147 1237 1275 1262 unum
1299 1238 1483 1265 annuam
1507 1239 1610 1278 pen-

78 1278 238 1319 sionem
269 1277 455 1335 quinque
486 1294 735 1329 marcarum,
760 1293 980 1335 quousque
1002 1293 1077 1333 per
1098 1278 1208 1344 ipsos
1225 1290 1444 1334 promotus
1466 1282 1608 1334 fuerit,

78 1344 126 1377 ut
147 1336 437 1391 supradictum
471 1349 547 1402 est,
582 1337 636 1378 de
668 1338 928 1378 monasterio
959 1337 1176 1378 annuatim
1199 1338 1252 1379 ad
1275 1339 1382 1381 festa
1404 1340 1611 1395 praedicta

78 1409 154 1450 per
187 1395 359 1451 equales
397 1395 618 1461 porciones
651 1395 1030 1450 pelcipiendarum.
1108 1395 1164 1436 Et
1203 1397 1294 1438 vult
1332 1406 1374 1439 et
1411 1399 1610 1440 concedit

78 1453 308 1508 praedictus
326 1454 527 1508 magister
553 1453 767 1494 Robertus
791 1468 865 1508 per
883 1462 1126 1507 91305οι1105,
1151 1456 1302 1510 quod
1289 1470 1366 1496 nro
1389 1465 1481 1498 toto
1503 1466 1611 1498 tem-

76 1525 180 1566 pore
218 1527 302 1567 quo
338 1511 568 1566 praedictus
602 1512 803 1566 magister
842 1511 1056 1552 Robertus
1090 1511 1132 1551 in
1164 1513 1280 1554 curia
1314 1514 1508 1556 Romana
1529 1530 1610 1571 pro

75 1569 291 1623 praedictis
325 1570 510 1624 negociis
542 1569 820 1624 expediendis
851 1569 1028 1619 steterit,
1054 1577 1100 1610 ut
1123 1572 1375 1625 praedictum
1398 1581 1477 1623 est,
1502 1588 1612 1628 prae-

76 1626 192 1669 dicta
221 1642 364 1669 annua
394 1627 542 1682 pensio
570 1641 629 1667 XL
652 1627 883 1668 solidorum
902 1636 1036 1669 cesset
1059 1628 1246 1680 omnino,
1271 1639 1312 1671 et
1333 1645 1409 1685 pel
1431 1632 1611 1698 praedie-

76 1694 167 1726 tum
204 1686 455 1740 magistrum
493 1686 728 1727 Robertum
761 1686 998 1726 nullatenus
1030 1685 1194 1728 levetur
1221 1702 1300 1729 1100
1337 1690 1609 1744 pelcipietur.

79 1743 166 1785 Sed
187 1758 264 1798 pro
287 1752 379 1785 toto
403 1754 594 1798 tempore
613 1743 685 1785 illo
704 1744 910 1799 praedicta
931 1759 1071 1785 annua
1092 1745 1293 1799 pensione
1316 1756 1488 1788 centum
1511 1749 1612 1789 soli-

75 1801 227 1842 dorum
258 1802 368 1843 ultra
389 1816 594 1857 expensas
615 1817 709 1843 suas
732 1801 960 1857 piaedictas
982 1801 1034 1842 sit
1057 1812 1294 1848 contentus.
1360 1805 1416 1847 Et
1438 1821 1532 1847 cum
1556 1807 1610 1848 ab

76 1860 226 1901 cadem
256 1861 373 1901 011113
393 1859 581 1910 iedierit,
607 1871 692 1901 tam
726 1860 932 1915 praedicta
962 1875 1103 1901 annua
1123 1862 1271 1916 pensio
1293 1876 1356 1903 XL
1376 1863 1534 1906 solidm
1539 1880 1610 1906 um

76 1933 201 1974 qnam
238 1932 290 1973 pl
292 1918 446 1959 aedlcta
481 1933 622 1960 annua
646 1918 791 1973 pensio
814 1927 982 1959 centum
1007 1918 1239 1961 solidorum
1262 1921 1434 1963 omnino
1457 1931 1607 1973 cesset,

76 1987 118 2017 et
139 1976 293 2018 deinde
311 1991 387 2031 per
408 1976 659 2041 praedictum
681 1976 928 2034 magistrum
950 1976 1193 2018 Robertum
1210 1979 1448 2022 nullatenus
1469 1981 1613 2022 leven-

77 2042 147 2075 tur
171 2049 246 2076 nec
268 2034 568 2089 percipientur.
626 2036 710 2077 Sed
732 2035 786 2076 de
808 2034 1013 2090 plaedicta
1033 2050 1175 2077 annua
1196 2039 1404 2105 pensione
1422 2040 1609 2104 quinque

76 2106 313 2134 marcarum
344 2092 499 2134 abinde
531 2092 719 2135 totaliter
739 2093 791 2134 sit
814 2100 1052 2134 contentus.
1119 2094 1167 2135 In
1189 2095 1306 2150 cujus
1338 2098 1398 2137 rei
1421 2097 1610 2139 testimo-

77 2149 193 2191 nium
230 2150 420 2205 partibus
455 2151 582 2206 hujus
615 2151 853 2192 indenturae
889 2159 1029 2206 paltes
1051 2151 1257 2206 predictae
1279 2154 1416 2209 sigilla
1447 2170 1522 2196 sua
1553 2155 1611 2196 al-

78 2209 274 2250 ternatim
313 2218 630 2264 apposuerunt3
665 2210 807 2265 quoad
843 2224 1165 2264 apposoelonem
1202 2211 1327 2267 sigilli
1366 2212 1525 2254 Prioris
1566 2223 1611 2255 et

80 2265 271 2321 Capituli
303 2266 606 2321 praedictorum
641 2267 741 2308 data
775 2266 817 2307 in
855 2268 984 2307 domo
1022 2276 1169 2308 1105113
1199 2269 1420 2324 capitulari
1444 2271 1611 2311 Dunel-

77 2323 227 2373 11101151,
276 2332 429 2388 quarto
474 2324 543 2365 die
591 2325 744 2366 mensis
787 2323 904 2373 Julii,
949 2324 1091 2379 quoad
1131 2327 1449 2382 apposicionem
1485 2327 1611 2384 sigilli

77 2381 272 2436 praedicti
308 2381 498 2436 magistri
540 2382 719 2423 Robe1ti
755 2382 855 2423 data
892 2381 1089 2431 Eboraci,
1126 2395 1280 2427 octavo
1313 2384 1381 2427 die
1418 2386 1610 2441 ejusdem

77 2439 251 2491 mensis,
268 2454 380 2481 311110
405 2439 580 2481 Domini
602 2440 822 2482 millesimo
845 2452 956 2481 0000
980 2439 1127 2482 tercio.
