1807 2962
179 75 275 109 CXX(
499 75 635 109 HIST.
663 71 896 108 DUNELM.
925 74 1227 108 SCRIPTORES
1251 72 1392 108 TREs.

190 197 275 225 nus
306 183 455 226 Abbas
485 184 831 226 certificatorium
861 182 1000 240 sigillo
1021 191 1161 224 vestro
1183 199 1278 225 cum
1299 198 1397 226 cera
1417 182 1542 224 viridi
1563 182 1723 248 sigilla-

192 253 298 291 tum,
331 257 500 284 necnon
532 251 576 283 et
604 251 765 297 septem
787 220 943 282 solidos
965 240 1262 294 sterlingorum
1284 241 1361 282 sibi
1383 255 1460 296 per
1478 256 1553 282 vos
1575 241 1725 281 missos

195 299 250 340 de
285 298 408 341 dicta
436 300 596 341 nefaria
630 298 954 362 depredacione
977 308 1184 352 1eceptos
1203 299 1334 340 michi
1367 297 1610 348 lestituerit,
1647 313 1724 339 vos

197 358 449 399 auctoritate
472 357 575 398 mihi
596 356 817 398 commissa
836 355 1006 410 requiro
1028 364 1069 396 et
1090 370 1260 406 moneo,
1279 366 1321 398 et
1335 356 1377 397 in
1394 357 1550 397 virtute
1565 368 1725 396 sanctae

197 414 468 465 obedientiae,
485 430 569 471 qua
583 414 673 456 sedi
694 411 952 469 Apostolicae
967 413 1181 464 tenemini,
1199 429 1275 469 per.
1289 423 1519 469 praesentes
1533 413 1734 468 injungo,

198 473 395 537 quatinus
417 488 469 514 ea
488 488 584 528 quae
605 481 701 527 post
721 471 1031 512 confectionem
1053 471 1156 512 dicti
1177 471 1463 513 certificatorii
1484 485 1729 525 r'ecupela&

200 530 254 571 tis
290 540 363 572 aut
397 529 702 585 recuperabitis
738 529 781 571 in
818 529 1008 570 futurum
1039 528 1154 571 dieto
1186 529 1360 571 domino
1397 529 1555 570 Abbati
1590 529 1732 569 beatae

202 586 359 630 Mariae
397 587 692 637 Eboraeensis,
730 598 803 628 aut
834 586 949 627 dicto
980 586 1156 628 domino
1191 586 1404 642 Rigaude,
1430 603 1504 628 seu
1521 585 1695 635 michi‚'
1686 600 1730 625 m

201 643 350 688 Domo
380 646 674 700 ieligiosorum
706 659 818 686 vno}
823 659 891 684 um
923 644 1225 710 plaedictorum
1250 644 1528 686 Eboracensis
1550 642 1737 684 civitatis

201 702 418 753 lesidenti,
455 702 746 759 quantocicius
784 702 1008 743 commode
1041 702 1248 756 poteritis,
1284 718 1368 743 una
1403 717 1500 743 cum
1531 710 1733 757 quatum-

204 759 344 802 decim
372 759 488 802 libris
511 761 565 802 de
587 759 953 815 procurationibus
976 760 1210 801 eorundem
1233 761 1502 801 dominorum
1527 758 1736 801 Cardina-

202 816 320 868 lium,
358 834 454 875 quae
487 819 532 858 in
562 818 710 859 vestris
744 817 933 858 resident
968 818 1178 883 manibus,
1215 827 1342 872 prout
1374 832 1451 872 per
1477 826 1662 858 vestrum
1691 824 1738 856 et

207 877 456 918 Conventus
490 876 618 917 vestri
651 876 998 916 eertificatorium
1034 875 1114 930 ipsi
1150 875 1324 916 domino
1360 875 1518 916 Abbati
1548 874 1739 924 missum,

204 934 367 989 plenius
404 933 506 974 mihi
542 942 721 983 constat,
757 947 924 973 necnon
957 941 1001 973 et
1036 947 1165 973 unum
1199 933 1447 973 mantellum
1478 932 1531 973 de
1554 931 1739 973 sca1leto

205 992 341 1033 rubeo
372 991 624 1046 preciosum,
658 1006 754 1032 cum
786 990 992 1031 folratura
1013 990 1109 1031 alba
1130 990 1183 1030 de
1206 989 1404 1031 herminis
1427 1005 1524 1031 cum
1555 988 1733 1044 capucio

208 1049 263 1091 d'e
295 1049 447 1090 eadem
484 1048 590 1090 seita
628 1048 728 1111 [ita]
761 1047 983 1097 folratura,
1016 1062 1064 1088 ac
1100 1062 1230 1088 unum
1262 1048 1443 1089 cervical
1473 1048 1527 1088 de
1558 1047 1737 1087 sindone

210 1106 361 1155 rubeo,
400 1121 496 1162 quae
529 1105 782 1147 venerabilis
816 1114 860 1146 et
880 1104 1101 1159 religiosus
1125 1105 1187 1146 vir
1208 1105 1404 1146 dominus
1426 1106 1557 1146 frater
1582 1104 1745 1145 Willel-—v

207 1179 302 1205 mus
334 1164 387 1205 de
425 1165 658 1205 Lancastre
697 1162 819 1203 Prior
850 1161 1012 1203 ordinis
1046 1163 1244 1204 Fratrum
1280 1163 1601 1204 Piedicatorum
1625 1161 1744 1203 Novi

213 1221 353 1263 Castri
389 1221 509 1262 vobis
546 1220 733 1262 breviter
766 1220 951 1261 debebat
984 1220 1222 1271 resumere,
1261 1231 1389 1275 prout
1424 1221 1589 1276 scripsit
1624 1219 1741 1274 apud

210 1279 368 1320 dictam
402 1278 617 1319 civitatem
651 1278 985 1328 Eboraeensem,
1012 1278 1089 1319 sub
1110 1278 1197 1319 fida
1218 1280 1411 1320 custodia
1431 1277 1743 1320 transmittatis.

211 1337 333 1379 Alias
372 1350 471 1377 vero
493 1351 560 1377 res
583 1335 765 1376 minutas
787 1351 883 1391 quae
903 1336 1081 1386 habetis,
1105 1336 1159 1377 de
1181 1336 1334 1392 quibus
1355 1336 1588 1391 scripsistiS‚
1612 1344 1685 1376 aut
1706 1335 1742 1374 si

213 1393 449 1435 consimiles
485 1393 808 1449 recuperaretis,
847 1393 978 1434 vendi
1010 1393 1196 1434 fideliter
1228 1394 1403 1444 faciatis,
1442 1403 1482 1434 et
1516 1392 1741 1448 pecuniam

213 1466 310 1493 cum
341 1452 466 1493 rebus
497 1451 588 1492 aliis
619 1450 854 1494 destinetis,
918 1451 1008 1491 Vos
1030 1451 1153 1501 enim,
1177 1452 1210 1492 si
1232 1467 1336 1507 quos
1357 1451 1572 1501 noveritis,
1595 1450 1667 1506 qui
1689 1450 1743 1491 de

213 1510 328 1551 dicta
348 1510 662 1564 depredacione
684 1508 908 1564 quicquam
931 1508 1173 1559 habuerint,
1196 1524 1273 1564 per
1294 1525 1367 1551 vos
1384 1509 1590 1550 inducatis
1608 1518 1651 1549 et
1668 1522 1745 1562 per

214 1567 344 1609 alium
377 1583 451 1608 seu
484 1567 588 1608 alios
618 1566 762 1608 induci
795 1565 955 1607 faciatis
978 1567 1092 1622 quod
1115 1581 1183 1608 res
1204 1582 1276 1608 seu
1298 1568 1426 1617 bona,
1450 1582 1546 1623 quae
1567 1566 1610 1607 in
1633 1565 1749 1606 dicta

215 1625 525 1680 depredacione
558 1633 805 1679 rapuerunt,
837 1623 1065 1665 restituant
1098 1633 1146 1665 ut
1179 1633 1394 1675 tenentur,
1433 1639 1528 1665 cum
1560 1624 1631 1665 illa
1656 1624 1745 1665 sine

213 1683 360 1724 salutis
382 1694 542 1724 eternae
564 1681 790 1737 dispendio
813 1683 1035 1737 quisquam
1057 1691 1239 1737 nequeat
1260 1683 1456 1724 retinere.
1516 1682 1599 1722 Vos
1616 1681 1749 1731 enim,

213 1750 342 1796 prout
363 1740 418 1782 ad
439 1755 561 1782 aures
582 1740 793 1781 dictorum
810 1739 1082 1781 dominorum
1103 1740 1390 1781 Cardinalium
1409 1754 1464 1781 ex
1479 1739 1749 1795 quorundam

214 1798 428 1839 relacione
463 1797 667 1852 pervenit,
703 1798 746 1837 in
782 1797 925 1837 multis
958 1797 1078 1838 bonis
1115 1798 1419 1852 recuperandis
1455 1797 1640 1851 gessistis
1672 1796 1749 1837 ali-

216 1855 469 1911 quantulum
500 1854 782 1911 negligenter,
816 1869 944 1908 super
963 1855 1189 1909 praemissis
1211 1867 1255 1895 et
1276 1855 1469 1895 omnibus
1492 1854 1650 1896 eisdem
1671 1869 1750 1909 ap·-

214 1912 420 1967 pendiciiS
442 1913 498 1953 ob
522 1912 645 1953 Sedis
668 1911 930 1965 Apostolicae
951 1919 995 1952 et
1017 1911 1228 1952 dictorum
1250 1913 1521 1953 dominorum
1544 1911 1750 1953 Cardina-

217 1969 321 2011 lium
358 1968 646 2010 reverenciam
682 1968 825 2009 taliter
859 1983 934 2009 vos
970 1978 1181 2022 gerenteS‚
1220 1970 1336 2025 quod
1368 1984 1454 2010 non
1488 1968 1657 2024 possitis
1695 1969 1750 2011 de

218 2026 482 2083 negligentia
510 2041 581 2067 seu
614 2025 903 2066 inobedientia
932 2026 1200 2080 reprehendi.
1263 2027 1354 2068 Nec
1377 2042 1458 2081 ego
1479 2041 1608 2084 cogar
1628 2026 1751 2068 aliter

220 2084 453 2150 procedere
479 2083 712 2124 secundum
739 2082 1035 2124 auctmitatem
1058 2084 1160 2124 mihi
1182 2086 1461 2128 commissam.
1511 2085 1748 2126 Praesentes

221 2143 334 2183 enim
366 2142 508 2183 literas
540 2155 626 2182 una
646 2154 742 2181 cum
764 2155 834 2181 cer
838 2140 1068 2182 tificatoriis
1090 2157 1166 2196 per
1186 2158 1259 2183 vos
1281 2141 1413 2183 missis
1434 2141 1515 2183 feci
1535 2141 1750 2196 registiari

220 2200 277 2241 ad
310 2199 532 2248 cautelam,
568 2198 622 2239 de
659 2213 837 2253 quarum
876 2199 1209 2253 praesentacione
1250 2200 1375 2242 latori
1411 2215 1556 2241 earum
1590 2199 1747 2240 nuncio

220 2257 275 2299 ad
311 2257 392 2298 hoc
426 2257 570 2311 jurato
606 2255 738 2297 fidem
772 2256 1003 2311 plenariam
1038 2257 1265 2301 adhibebo.
1330 2258 1493 2299 Datum
1531 2265 1576 2298 et
1611 2257 1749 2311 sigillo

222 2330 319 2357 meo
352 2314 577 2369 sigillatum
615 2313 812 2366 Eboraci,
846 2314 916 2357 die
947 2325 1071 2358 sexta
1100 2316 1253 2358 mensis
1279 2315 1410 2368 Junii,
1433 2330 1546 2358 anno
1568 2313 1750 2358 Domini

224 2377 387 2415 m⁰ccc⁰
409 2372 576 2415 decimo
597 2386 727 2415 nono.
