1807 2962
201 98 371 147 CCXVlil
546 115 680 147 HIST.
709 115 944 147 DUNELM.
974 115 1280 148 SCRIPTORES
1305 116 1444 148 TRES.

196 221 589 264 reverendissimam
621 230 843 264 conservet
876 222 916 263 in
947 222 1158 278 prosperis
1181 222 1421 264 Altissimus
1443 236 1518 276 per
1539 231 1730 276 tempora

198 278 406 332 longiora.
469 280 636 335 Scripta
667 280 882 330 Dunelmi,
918 293 1042 322 xxvn
1075 281 1144 322 die
1175 280 1329 321 mensis
1361 280 1481 331 Maii,
1506 295 1615 322 anno
1640 279 1730 321 Do-

199 337 303 377 mini
324 337 544 379 millesimo
569 351 807 380 CCCCXXIX.

610 663 755 691 cxclv.
790 663 958 691 LITERA
982 663 1068 690 PRO
1093 663 1313 692 TELONIO.

727 759 832 802 [Reg.
849 759 901 791 11.
923 758 1022 790 Parv.
1040 757 1098 791 fol.
1113 760 1168 796 39,
1184 759 1232 800 b.]

265 853 486 897 Universis
525 851 681 894 Christi
712 851 907 892 fidelibus
941 851 995 892 ad
1028 866 1133 907 quos
1167 859 1394 905 praesentes
1425 850 1561 900 literae
1583 865 1730 905 perve-

201 913 357 962 nerint,
381 911 597 953 Johaunes
622 909 745 950 Prior
781 909 969 950 ecclesiae
1006 908 1257 949 cathedralis
1285 908 1584 949 Dunelmensis
1621 909 1731 949 salu-

200 981 285 1012 tem
322 970 366 1010 in
401 968 592 1010 Domino
628 966 943 1021 sempiternam.
1018 966 1235 1013 Noveritis
1272 981 1348 1007 nos
1384 966 1526 1007 literas
1560 965 1730 1006 illustris

198 1028 398 1084 principis
424 1026 602 1068 Henrici
635 1024 821 1073 secundi,
844 1023 1060 1079 quondam
1092 1024 1223 1079 Regis
1248 1023 1429 1077 Angliae,
1468 1039 1600 1074 sanaS,
1625 1023 1733 1064 inte-

197 1101 309 1139 gras,
333 1085 374 1124 in
412 1084 529 1125 nulla
557 1084 619 1123 sui
650 1089 771 1136 parte
809 1081 992 1131 viciatas,
1018 1096 1203 1136 veroque
1226 1081 1363 1135 sigillo
1385 1097 1461 1123 suo
1484 1081 1605 1136 regio
1628 1096 1729 1122 con·

200 1144 386 1198 signatas
423 1141 465 1181 in
499 1140 677 1182 archivis
714 1138 903 1179 ecclesiae
925 1151 1081 1179 nostrae
1104 1138 1350 1194 inspexisse,
1373 1154 1425 1180 eo
1447 1139 1518 1194 qui
1540 1139 1730 1194 sequitur

200 1202 278 1241 sub
315 1209 475 1240 tenore.
542 1196 751 1238 Henricus
784 1211 863 1236 rex
887 1196 1057 1252 Angliae
1093 1204 1135 1237 et
1168 1197 1257 1237 dux
1283 1196 1556 1237 Normanniae
1578 1206 1621 1237 et
1648 1197 1724 1237 Ac-

200 1257 402 1313 quitaniae
435 1265 478 1297 et
513 1269 655 1296 comes
678 1254 957 1308 Andegaviae,
975 1254 1229 1308 justiciariis,
1254 1254 1583 1304 vicecomitibus,
1607 1255 1732 1295 baro-

196 1316 332 1365 nibus,
356 1313 608 1369 praepositiS,
630 1311 842 1362 ministris,
867 1321 909 1352 et
932 1312 1126 1353 omnibus
1149 1312 1345 1353 fidelibus
1363 1313 1459 1362 suis,
1482 1311 1652 1353 Francis
1692 1321 1734 1352 et

204 1373 366 1427 AngliS,
391 1372 527 1413 tocius
551 1371 723 1427 Angliae
745 1379 786 1410 et
801 1370 1076 1411 Normanniae
1098 1378 1141 1410 et
1158 1378 1357 1424 portuum
1380 1371 1519 1420 maris,
1536 1370 1728 1410 salutem-

203 1431 356 1474 Sciatis
397 1446 466 1471 me
507 1429 672 1470 dedisse
713 1437 757 1469 et
798 1428 1048 1469 concessisse
1074 1427 1210 1468 Priori
1239 1436 1280 1468 et
1304 1427 1519 1468 monachis
1543 1426 1731 1468 ecclesiae

200 1488 334 1530 sancti
358 1488 584 1530 Cuthberti
607 1486 660 1527 de
684 1485 899 1527 Dunelmo
921 1500 1067 1526 omnes
1088 1486 1305 1526 libertates
1342 1493 1381 1526 et
1405 1485 1665 1541 quietancias
1687 1494 1731 1525 et

199 1548 353 1589 liberas
391 1544 720 1587 consuetudines
759 1558 852 1584 suas
889 1558 964 1598 per
992 1552 1126 1584 totam
1149 1551 1303 1584 terram
1325 1558 1461 1584 meam
1484 1542 1618 1583 tocius
1642 1544 1732 1583 An-

201 1606 299 1659 gliae
322 1613 366 1645 et
389 1602 665 1645 Normanniae
687 1609 731 1642 et
752 1616 828 1655 per
850 1616 995 1642 omnes
1016 1611 1162 1655 portus
1184 1601 1324 1644 maris.
1399 1601 1544 1648 Quare
1569 1599 1665 1640 volo
1688 1609 1730 1640 et

200 1662 381 1704 firmiter
401 1660 602 1717 praecipio
636 1659 752 1715 quod
774 1659 851 1713 ipsi
874 1667 916 1700 et
937 1674 1084 1700 omnes
1105 1673 1170 1700 res
1192 1674 1293 1709 suae,
1317 1674 1419 1714 quas
1442 1658 1633 1698 homines
1666 1656 1730 1697 sui

201 1729 404 1776 poterunt
439 1719 610 1760 affidare
633 1732 726 1758 suas
748 1732 836 1758 esse
873 1716 1122 1767 dominicas,
1155 1716 1238 1757 sint
1273 1716 1445 1757 omnino
1476 1715 1630 1771 quietae
1653 1729 1731 1769 per

201 1787 334 1819 totam
361 1786 517 1819 terram
555 1790 708 1825 meam,
742 1774 785 1815 in
816 1774 1011 1830 portibus
1043 1775 1184 1824 maris,
1219 1783 1261 1815 et
1291 1775 1334 1814 in
1365 1773 1577 1823 nundinis,
1613 1782 1654 1814 et
1687 1771 1731 1812 in

200 1833 544 1888 omnibiisllociS,
580 1834 633 1874 ab
667 1832 781 1872 omni
823 1832 984 1872 telonio
1022 1841 1065 1872 et
1097 1831 1297 1886 passagio
1329 1841 1372 1872 et
1404 1831 1518 1871 omni
1552 1844 1731 1871 consue-

202 1893 380 1942 tudine3
413 1901 456 1932 et
491 1906 544 1931 ne
580 1890 670 1946 quis
704 1904 775 1930 eos
813 1898 941 1929 vexet
978 1889 1078 1929 inde
1119 1889 1187 1929 vel
1219 1889 1427 1929 disturbet
1469 1903 1597 1942 super
1636 1887 1729 1929 haec

203 1966 330 2006 super
365 1950 512 1990 decem
546 1948 672 1988 libras
708 1946 975 1986 forisfacturi.
1067 1945 1268 1986 Testibus
1307 1947 1359 1986 R.
1397 1945 1730 1999 Archiepiscopo

206 2007 481 2056 Eboracensi,
516 2014 559 2047 et
596 2005 650 2045 R.
684 2003 883 2058 episcopo
923 2003 1204 2053 Lincolnensi,
1243 2011 1285 2044 et
1310 2002 1496 2044 Ricardo
1518 2003 1570 2043 de
1593 2003 1730 2059 Lucy,

203 2065 319 2120 apud
364 2064 618 2105 Eboracum.
692 2061 808 2108 Quas
849 2061 1022 2116 quidem
1063 2059 1202 2101 literas
1243 2060 1313 2101 alii
1359 2061 1500 2115 Reges
1544 2061 1729 2117 Angliae,

203 2123 340 2165 eidem
364 2121 653 2170 succedentes,
677 2119 796 2160 nobis
819 2129 861 2160 et
884 2118 1083 2173 Capitulo
1105 2126 1267 2168 nostro,
1291 2133 1457 2159 necnon
1482 2118 1611 2159 Cellis
1634 2133 1732 2159 nos-

203 2181 277 2222 tris
299 2181 352 2221 ab
375 2180 525 2221 eodem
548 2176 900 2232 dependentibus,
925 2191 1018 2217 cum
1043 2175 1239 2216 omnibus
1262 2175 1457 2216 clausulis
1480 2175 1730 2230 supradictis

203 2239 524 2281 confirmarunt.
597 2235 723 2277 Unde
760 2234 1076 2275 universitatem
1113 2242 1293 2285 vestram
1326 2234 1532 2274 attencius
1554 2234 1732 2288 requiri-

203 2312 297 2338 mus
319 2306 361 2338 et
382 2310 592 2352 rogamus,
617 2293 827 2349 quatinus,
852 2293 907 2332 ob
930 2291 1214 2332 reverenciam
1240 2290 1323 2331 Dei
1344 2300 1387 2331 et
1404 2290 1634 2332 beatissimi
1658 2305 1733 2345 pa-

203 2355 314 2396 troni
345 2354 478 2395 nostri
512 2351 738 2394 Cuthberti
770 2350 1035 2399 confessoris,
1059 2365 1111 2389 ne
1144 2349 1339 2389 ministris
1372 2348 1538 2398 nostris,
1563 2348 1733 2403 quibus-

203 2428 386 2468 cumque
428 2411 665 2452 nominibus
707 2417 971 2457 censeantur,
995 2407 1194 2463 quociens
1236 2415 1278 2447 et
1319 2421 1413 2447 cum
1451 2406 1505 2447 ad
1543 2421 1614 2445 vos
1651 2420 1731 2460 pro

205 2471 365 2512 catallis
387 2478 430 2511 et
447 2469 535 2511 aliis
551 2469 677 2509 rebus
694 2467 748 2508 ad
771 2481 867 2507 usus
890 2479 1051 2506 vestros
1074 2464 1114 2516 [Ρ
1132 2469 1317 2516 nostros]
1335 2463 1524 2506 emendis
1549 2463 1612 2503 vel
1632 2478 1731 2503 ven-

204 2528 355 2570 dendis
392 2527 655 2576 accesserint,
683 2525 770 2566 sive
811 2539 906 2565 cum
938 2523 1097 2564 eisdem
1129 2523 1253 2564 rebus
1286 2531 1329 2562 et
1360 2521 1519 2562 catallis
1553 2535 1626 2575 per
1657 2535 1730 2561 vos

205 2587 428 2627 transitum
451 2585 639 2634 fecerint,
663 2583 886 2639 quicquam
910 2580 1222 2622 molestacionis
1243 2579 1495 2636 gravaminis
1526 2580 1612 2619 sive
1636 2593 1730 2632 per-

207 2644 523 2685 turbacionibus
560 2640 660 2696 [ita]
699 2640 919 2681 occasione
954 2639 1109 2680 telonei
1133 2648 1281 2679 contra
1313 2638 1492 2678 formam
1521 2636 1729 2677 dictarum

205 2701 486 2742 concessionis
523 2709 565 2741 et
602 2697 939 2739 confirmacionis
973 2696 1292 2752 quomodolibet
1327 2694 1524 2743 inferatis,
1560 2708 1631 2734 seu
1676 2694 1730 2733 ab

206 2759 296 2800 aliis
318 2760 372 2799 ob
395 2759 571 2800 candem
595 2771 775 2805 causam,
799 2764 1001 2811 quantum
1025 2756 1065 2795 in
1091 2754 1205 2795 vobis
1227 2762 1302 2803 est,
1329 2752 1470 2794 inferri
1493 2751 1730 2807 aliqualiter
