1807 2962
219 80 445 129 CCCXXXlV
551 90 685 127 Hls'r.
716 93 954 128 DUNELM.
985 92 1294 131 SCRIPTORES
1320 94 1459 126 TREs.

598 472 699 501 CCL.
734 471 901 499 LITERA
934 470 1121 498 PRIORIS
1160 470 1371 499 DUNELM.

712 567 818 612 [Reg.
835 567 910 600 ΙΙΙ.
929 566 1032 600 Parv.
1049 565 1108 599 fol.
1129 568 1183 604 77.
1200 567 1253 610 b.]

273 661 650 705 Reverendissimo
685 661 730 702 in
758 660 932 703 Christo
953 660 1063 715 patri
1086 667 1128 700 et
1151 659 1325 700 domino
1347 656 1521 701 domino
1548 659 1748 702 Robeito

210 721 295 764 Dei
315 720 458 776 gracia
479 719 694 775 Episcopo
717 718 1011 768 Dunelmensi,
1035 717 1098 758 sui
1120 717 1193 758 filii
1211 717 1473 759 devotissimi
1493 718 1752 769 Willielmus,

220 779 345 821 Prim
363 777 553 820 ecclesiae
575 776 826 819 cathedralis
849 775 1155 818 Dunelmensis
1181 784 1224 817 et
1256 775 1450 841 ejusdem
1470 776 1553 818 loci
1576 776 1755 832 Capitu-

216 837 304 878 lum
328 836 623 878 obedienciam
643 835 812 877 filialem
835 849 932 876 cum
955 833 1128 875 honoris
1151 842 1193 875 et
1224 834 1478 875 reverenciae
1499 834 1755 889 promptitu-

209 895 313 936 dine
346 895 591 951 subjectiva.
653 893 778 934 Licet
811 900 965 934 v·est1ae
993 891 1260 946 paternitatis
1289 891 1584 933 sollicitudinis
1604 892 1755 949 benig-

212 953 322 994 nitas
345 953 651 1006 circumspecta
671 950 859 992 omnium
882 949 1066 1004 compati
1098 957 1142 990 et
1173 949 1415 1005 prospicere
1437 949 1701 991 dinoscitur
1692 965 1754 991 in·-

213 1010 412 1051 fortuniis
433 1009 715 1059 subditorum,
753 1018 801 1049 ut
836 1007 1050 1049 validioris
1082 1007 1262 1048 remedii
1298 1006 1420 1048 citius
1455 1016 1552 1063 post
1587 1008 1753 1049 ruinam

215 1068 439 1110 obtineant
467 1067 720 1116 relevamen,
752 1066 844 1121 ipsa
863 1074 1006 1107 tamen
1027 1064 1263 1107 fiducialius
1286 1074 1480 1121 speratur
1501 1074 1544 1107 et
1565 1066 1754 1107 creditur

213 1128 463 1168 inconcusse
485 1124 592 1166 velle
613 1138 836 1165 occurrere
859 1123 1097 1165 visceralius
1117 1123 1394 1164 incommodis
1418 1132 1655 1165 vestrorum
1678 1140 1753 1180 pe-

213 1183 434 1225 culiarium
451 1182 662 1230 filiorum3
697 1190 741 1223 ut
763 1182 816 1223 ab
838 1180 1063 1223 extrinseci
1086 1181 1247 1222 timoris
1269 1181 1563 1238 inquietudine
1585 1182 1753 1224 liberati

214 1242 417 1284 altissimo
437 1241 542 1283 Jesu
576 1239 747 1282 Christo
781 1249 823 1282 et
860 1240 1047 1295 glorioso
1069 1239 1298 1282 confessori
1320 1249 1467 1282 sancto
1492 1241 1750 1292 Cuthberto,

213 1308 396 1356 patrono
427 1307 573 1340 nostro
605 1297 882 1348 sanctissimo,
905 1297 1112 1352 possimus
1140 1298 1401 1352 acceptabile
1433 1297 1596 1340 solvere
1618 1298 1752 1340 famu-

213 1359 361 1403 latum.
426 1357 628 1399 Profecto
656 1371 742 1398 non
773 1356 861 1397 sine
883 1370 1038 1412 magna
1058 1355 1210 1397 mentis
1232 1355 1528 1406 amaiitudine,
1552 1357 1699 1413 quod
1690 1373 1754 1399 1n-

213 1417 419 1472 cepimUS,
452 1425 605 1457 vestrae
627 1413 991 1456 reverendissimae
1013 1413 1298 1455 dominacioni
1321 1413 1547 1470 loquimur,
1581 1425 1622 1456 et
1645 1430 1753 1470 prae-

213 1475 404 1516 sentibus
425 1473 558 1515 literis
580 1472 836 1514 intimamus.
900 1473 1010 1513 Sane
1038 1471 1275 1527 campanile
1297 1472 1486 1514 ecclesiae
1508 1482 1660 1514 vestrae
1682 1489 1751 1515 ca-

214 1533 342 1575 thedi
344 1532 418 1574 ahs
436 1530 763 1573 Dunelmensis
754 1546 795 1571 m
813 1544 942 1585 opere
963 1529 1133 1585 lapideo
1155 1539 1199 1571 et
1219 1529 1376 1585 ligneo,
1396 1545 1532 1585 nuper
1554 1531 1750 1573 irruenti-

214 1591 328 1632 tibus
350 1604 601 1647 ayerearum
633 1588 972 1643 malignitatibus
1003 1596 1280 1643 potestatum,
1314 1588 1491 1629 insolitis
1524 1599 1750 1631 ventorum

215 1649 401 1699 flatibus,
424 1648 534 1690 adeo
557 1647 793 1689 conteritur
814 1657 855 1688 et
878 1655 1113 1703 quassatur,
1130 1646 1245 1700 quod
1268 1646 1322 1687 de
1344 1646 1453 1687 illius
1477 1646 1639 1689 diutina
1656 1662 1751 1703 per-

213 1707 438 1748 manencia
458 1705 642 1747 maxime
671 1705 905 1746 dubitatur.
969 1704 1229 1746 Convocatis
1260 1703 1389 1759 igitur
1410 1704 1627 1762 uniusque
1649 1705 1749 1747 artis

213 1765 452 1820 opificibuS,
476 1764 668 1806 defectus
691 1764 779 1818 ejus
801 1772 845 1805 et
877 1762 1020 1804 luinas
1056 1777 1132 1818 pei
1164 1762 1277 1817 ipsos
1299 1762 1617 1818 diligentissime
1651 1764 1750 1806 feci-

216 1838 310 1864 mus
332 1822 599 1877 perscrutari,
639 1821 727 1877 qui,
767 1831 808 1863 et
835 1820 1012 1875 singulis
1048 1821 1237 1875 ejusdem
1272 1821 1432 1862 rimatis
1461 1821 1568 1863 amsi
1571 1822 1747 1873 actibus,

214 1880 353 1934 ipsum
374 1880 416 1920 in
449 1894 580 1934 opele
612 1879 782 1933 lapideo
818 1878 861 1919 in
899 1878 1031 1919 nibus
1069 1879 1152 1919 suis
1188 1878 1393 1920 lateiibus
1429 1894 1455 1920 a
1491 1880 1749 1922 rectitudine

211 1938 477 1979 fundamenti
499 1946 692 1978 asserunt
712 1936 962 1986 declinasse,
1000 1945 1044 1977 et
1064 1936 1436 1992 quamplurimos'
1427 1953 1470 1978 1n
1492 1937 1685 1979 fenestris
1707 1950 1749 1980 et

212 1995 305 2037 aliis
327 1996 432 2037 locis
453 1995 613 2061 lapides
635 2009 795 2035 cuneos
828 2002 872 2035 et
908 1993 1133 2050 angulares
1169 1995 1386 2048 repeliunt
1407 1994 1631 2059 decidisse,
1656 1997 1748 2038 aliis

213 2053 387 2110 quidem
424 2052 558 2094 scissis
592 2061 635 2094 et
668 2066 744 2107 per
778 2029 992 2093 mediumD
1001 2051 1219 2100 laceratis;
1253 2052 1585 2120 meremiumque
1617 2054 1748 2120 pluri-

212 2126 330 2153 mum
352 2111 582 2160 defecisse3
613 2111 727 2151 unde
756 2109 922 2151 ruinam
953 2111 1246 2164 permaximan
1283 2110 1475 2152 sensiunt
1513 2114 1745 2164 imminere,

212 2169 292 2211 nisi
313 2169 416 2211 felix
437 2142 673 2211 remedium
705 2168 877 2210 uberius
908 2168 961 2209 sit
994 2167 1222 2234 provisum.
1291 2168 1478 2216 Quidam
1511 2185 1612 2212 vero
1644 2186 1747 2212 con-

211 2228 357 2270 sulunt
376 2227 517 2269 stilum
539 2226 787 2293 campanilis
820 2226 1050 2292 deponere,
1085 2226 1186 2283 quia
1216 2226 1290 2267 diu
1323 2236 1435 2269 stare
1473 2243 1557 2269 non
1592 2238 1746 2284 potest.

211 2285 325 2329 Aliie
343 2287 556 2327 contrario
559 2286 710 2350 ’ipsum
728 2284 901 2326 omnino
916 2284 1091 2340 cupiunt
1108 2284 1311 2341 reparari,
1328 2286 1443 2352 quod
1458 2296 1621 2328 nostras
1639 2287 1746 2329 vires

211 2344 423 2386 excedeie
459 2343 719 2399 conjicimuS,
757 2343 838 2384 nisi
873 2342 1043 2385 aliunde
1074 2343 1259 2385 ubeiiori
1289 2345 1432 2398 gracia
1462 2345 1745 2388 sublevemur.

213 2403 334 2444 Hinc
355 2401 486 2444 inde
477 2417 520 2443 m
542 2401 750 2443 incertum
768 2400 885 2442 dubii
908 2401 1177 2452 fluctuantes,
1193 2401 1297 2458 quid
1319 2402 1469 2444 melius
1491 2403 1646 2459 quidve
1669 2419 1745 2446 ex-

212 2460 401 2515 pedicius
422 2460 765 2516 prosequendum
788 2459 841 2501 sit
861 2459 1080 2501 deficimus
1096 2459 1307 2501 meditaii.
1358 2461 1559 2503 Profecto
1581 2462 1635 2503 ad
1657 2478 1746 2504 ves-

210 2528 318 2560 tram
355 2518 721 2559 clementissimam
755 2516 1108 2568 dominacionem,
1143 2526 1191 2559 ut
1221 2518 1412 2559 membra
1432 2520 1569 2561 solent
1589 2520 1742 2575 capita,

210 2576 481 2631 confugimus
503 2576 772 2631 suspiranteS,
796 2575 850 2615 nil
875 2575 961 2616 tale
984 2574 1042 2616 nil
1065 2584 1150 2617 tam
1183 2576 1344 2640 grande
1377 2585 1420 2618 et
1453 2591 1559 2631 opus
1596 2592 1745 2634 quam-

211 2633 498 2689 stupendum
490 2649 531 2674 ln
554 2633 732 2675 ecclesia
752 2643 892 2674 vestra
912 2633 1145 2674 cathedrali
1167 2634 1257 2675 sine
1290 2642 1432 2675 vestro
1454 2635 1630 2676 consilio
1652 2650 1745 2690 pre-

211 2701 381 2733 maturo
403 2691 562 2732 noticia
574 2691 731 2746 pariter
748 2699 789 2732 et
805 2705 973 2732 assensu
990 2691 1177 2746 arripere
1193 2701 1499 2746 presumentes,
1557 2693 1601 2733 Si
1616 2693 1742 2744 enim,

210 2749 325 2805 quod
347 2749 468 2800 absit,
492 2763 687 2791 occasum
710 2748 893 2791 subitum
913 2758 1147 2804 pateretur,
1171 2749 1432 2804 solempnem
1458 2750 1589 2792 nostri
1613 2751 1743 2793 Chori
