1807 2962
443 79 720 113 APPENDIX.
748 79 868 111 ANN.
896 80 1152 112 Mchxw.
1497 70 1562 116 liii

33 190 196 233 modius
227 186 465 230 faciendam
499 185 721 228 consilium
754 187 910 228 curetis
946 194 989 228 et
1022 187 1227 228 auxilium
1259 187 1476 239 exhibere,
1501 191 1561 231 ita

30 248 145 304 quod
184 257 324 288 vestra
356 244 535 286 devocio
567 245 723 286 debeat
747 244 901 286 exinde
924 260 1008 286 non
1032 244 1227 287 inmerito
1256 247 1556 288 commendari,

31 305 134 350 Dat.
163 305 322 347 Senon.
348 317 406 347 v1.
431 303 487 347 id.
518 303 630 357 Aug.

141 538 317 567 xxxvll.
353 539 520 567 LITERA.
552 538 762 567 JUDICUM
797 539 855 566 DE
889 540 1030 567 CAUSA
1052 540 1195 567 INTER
1218 541 1435 568 ABBATEM

140 597 301 624 SANCTI
345 596 514 623 ALBANI
554 597 609 623 ET
652 597 863 624 PRIOREM
899 597 1251 626 DUNELMENSEM
1287 599 1436 626 SUPER,

142 654 360 682 ECCLESIA
382 655 440 681 DE
462 653 756 681 TINEMUTHE.

571 730 647 773 [Ex
664 732 759 775 copia
774 732 1005 775 perantiqua]

83 808 338 850 Reverendo
354 809 464 863 patri
485 816 529 850 et
551 807 724 849 domino
748 809 801 851 A.
829 808 913 849 Dei
933 808 1072 865 gratia
1087 824 1251 851 summo
1272 810 1470 852 Pontifici
1500 812 1549 855 1³.

23 866 276 908 Exoniensis
297 866 484 908 ecclesiae
507 865 693 906 minister
712 865 891 915 humilis,
917 876 959 907 et
982 867 1127 908 devoti
1149 867 1223 907 filii
1244 868 1308 908 sni
1330 869 1384 909 de
1406 870 1553 924 Burgo

20 932 66 965 et
109 924 386 966 Eboracensis
424 927 527 976 [ita]
568 924 774 973 Abbates,
812 923 1007 974 salutem,
1032 935 1076 966 et
1098 925 1256 966 debitae
1278 927 1552 981 subjectionis

22 981 323 1025 obedientiam.
388 982 456 1023 Ad
500 981 788 1022 ventilandam
827 996 1009 1032 causam,
1050 998 1146 1038 quae
1188 982 1300 1024 inter
1337 985 1553 1025 Abbatem

20 1039 156 1079 sancti
191 1038 345 1080 Albani
368 1047 411 1080 et
436 1038 628 1080 Priorem
648 1038 982 1080 Dunelmensem
1004 1055 1133 1096 snper
1153 1041 1333 1082 ecclesia
1349 1042 1402 1083 de
1427 1041 1558 1084 Tine„

21 1096 167 1137 muthe
190 1104 442 1146 verteretur,
458 1096 587 1151 juxta
607 1096 842 1137 sanctitatis
866 1106 1015 1137 vestrae
1037 1098 1301 1148 mandatum,
1336 1099 1405 1140 die
1426 1100 1556 1154 parti-

24 1154 102 1195 bus
124 1156 304 1208 praefixo
326 1153 368 1194 in
389 1168 519 1194 unum
543 1155 700 1208 pariter
722 1153 1009 1195 convenimus.
1068 1155 1148 1196 Illo
1169 1155 1237 1196 die
1261 1156 1301 1196 in
1323 1158 1551 1210 praesentia

21 1220 166 1252 nostra
201 1211 439 1266 comparuit
476 1211 598 1252 Prior
628 1211 954 1260 Dunelmensis;
991 1212 1195 1268 lectisque
1231 1215 1376 1255 vestris
1403 1229 1571 1255 coram*

21 1268 336 1310 multitudinem
378 1268 674 1323 religiosorum
709 1268 895 1309 virorum
929 1278 972 1310 et
1007 1270 1270 1320 clericorum,
1309 1280 1356 1312 ut
1396 1273 1440 1312 in
1478 1272 1550 1313 illa

23 1326 365 1381 procederemuS,
410 1326 616 1366 instanter
665 1326 924 1381 postulabat,
970 1341 1159 1368 asserens
1208 1328 1548 1370 Dunelmensem

20 1383 241 1426 ecclesiam
259 1383 522 1438 temporibus
542 1383 724 1436 plurium
747 1383 1051 1424 advocatorum
1071 1385 1366 1440 episcoporum
1385 1396 1429 1428 et
1450 1402 1550 1428 auc-

21 1442 207 1491 toritate,
241 1441 328 1491 diu,
365 1442 542 1496 pacifice
576 1450 618 1482 et
640 1441 783 1496 quiete
805 1442 1023 1482 ecclesiam
1045 1441 1098 1483 de
1121 1443 1383 1485 Tinemuthe
1404 1460 1550 1499 posse-

17 1498 142 1549 disse,
176 1499 253 1540 sed
286 1500 472 1548 demum,
511 1513 586 1553 per
619 1499 850 1539 secularem
874 1508 1145 1554 potestatem,
1170 1509 1211 1541 et
1233 1501 1436 1542 laicorum
1461 1503 1548 1543 vio-

17 1556 161 1606 lentia,
184 1556 413 1597 monachos
435 1556 743 1597 Dunelmenses
766 1556 972 1598 violenter
993 1559 1148 1613 ejectos
1171 1558 1312 1608 fuisse,
1332 1569 1375 1600 et
1393 1576 1547 1601 eorun-

16 1613 111 1655 dem
134 1613 336 1655 laicorum
358 1613 560 1655 violentia
580 1612 668 1655 sine
691 1613 920 1668 episcopali
942 1616 1195 1656 auctoritate
1220 1617 1364 1657 Sancti
1389 1618 1546 1659 Albani

16 1671 246 1712 monachos
280 1670 406 1712 fuisse
442 1670 640 1714 intrusos.
720 1673 819 1712 Suae
853 1680 996 1713 autem
1030 1673 1253 1727 ejectionis
1291 1686 1334 1715 et
1363 1675 1543 1717 aliorum

15 1728 257 1769 intrusionis
291 1737 482 1770 autorem
517 1727 645 1769 fuisse
677 1728 908 1783 praedictus
946 1729 1068 1770 Prior
1099 1731 1268 1772 dicebat
1304 1732 1543 1774 Robertum

15 1785 70 1827 de
110 1785 297 1835 Mubrai,
337 1785 536 1827 comitem
568 1785 971 1836 Norhanhumbriae,
994 1787 1066 1842 qui
1087 1801 1344 1831 successerat
1371 1791 1545 1846 quibus-

16 1843 114 1885 dam
146 1843 236 1884 aliis
265 1843 518 1893 Comitibus,
543 1858 721 1899 quorum
745 1843 1015 1899 largitionem
1037 1847 1252 1888 asserabat
1275 1847 1543 1889 Dunelmen-

14 1915 103 1942 sem
120 1900 340 1942 ecclesiam
357 1901 576 1955 praefatam
592 1900 812 1941 ecclesiam
830 1902 885 1942 de
903 1901 1163 1944 Tinemuthe
1180 1904 1379 1959 adeptam
1397 1906 1538 1950 fuisse.

16 1958 88 2000 Ad
120 1957 243 2014 hujus
278 1957 339 2000 rei
371 1959 648 1999 assertionem
682 1958 903 2013 proposuit
935 1959 1021 2000 duo
1052 1960 1268 2002 autentica
1298 1963 1468 2017 scripta,
1500 1965 1540 2005 in

13 2030 194 2072 quorum
227 2015 362 2057 altero
388 2015 613 2057 Waldevus
647 2016 862 2071 quondam
899 2017 1056 2058 Comes
1082 2018 1541 2072 Norhanhimbrornm,

13 2073 86 2129 qui
117 2074 270 2114 tercius
297 2071 378 2114 fuit
398 2082 499 2114 ante
531 2073 786 2127 praedictum
812 2073 1052 2115 Robertum
1083 2075 1137 2116 de
1163 2076 1350 2127 Mubrai,
1375 2090 1541 2133 protes-

12 2139 125 2171 tatus
156 2139 222 2172 est
254 2145 299 2172 se
331 2130 498 2172 dedisse
534 2140 576 2171 et
605 2130 748 2185 scripti
779 2132 842 2171 sui
860 2132 1093 2174 munimine
1114 2135 1390 2176 confirmasse
1411 2137 1540 2178 beato

16 2188 259 2229 Cuthberto
290 2196 333 2229 et
355 2187 572 2229 monachis
594 2188 799 2229 Dunelmi
821 2189 1043 2230 ecclesiam
1064 2191 1118 2231 de
1141 2191 1418 2243 Tinemuthe,
1443 2210 1536 2235 cnm

13 2244 208 2289 omnibus
230 2260 325 2301 quae
348 2254 539 2298 tempore
561 2246 685 2286 factae
700 2246 1036 2287 confirmacionis
1054 2247 1240 2290 habebat
1256 2262 1298 2290 et
1314 2253 1541 2304 postmodo

13 2310 106 2343 erat
136 2301 347 2346 habitura.
414 2302 522 2343 Haec
555 2312 699 2343 autem
731 2303 911 2344 donacio
943 2312 986 2344 et
1018 2305 1305 2356 confirmacio,
1337 2316 1383 2347 ut
1404 2307 1446 2347 in
1467 2308 1540 2350 illa

13 2360 232 2401 autentica
264 2367 381 2401 carta
401 2359 713 2408 continebatur,
738 2359 851 2400 facta
872 2360 952 2400 fuit
974 2361 1015 2400 in
1039 2362 1217 2403 ecclesia
1241 2363 1533 2416 Dunelmensi,

19 2415 242 2457 Walchero
281 2416 470 2472 ejusdem
511 2417 700 2457 ecclesiae
741 2415 941 2472 episcopo
985 2418 1307 2474 g[e]n[eralem]
1343 2421 1540 2465 sinodum

14 2473 268 2522 celebrante,
302 2481 344 2514 et
377 2487 450 2513 eos
485 2483 697 2528 perpetuo
728 2483 966 2515 anetemate
988 2475 1346 2530 condempnante,
1370 2480 1442 2534 qui
1463 2497 1542 2522 un.

16 2545 139 2585 quam
163 2530 251 2571 ullo
272 2539 464 2586 tempore
487 2530 734 2584 praedictam
757 2531 972 2572 ecclesiam
995 2532 1049 2573 de
1075 2533 1308 2575 Tinemuth
1329 2537 1382 2577 ab
1405 2540 1538 2580 eccle-

15 2588 73 2630 sia
110 2587 389 2629 Dunelmensi
430 2587 614 2629 alienare
646 2598 916 2642 praesument.
981 2589 1194 2647 Alt[erzcm
1225 2592 1300 2648 aa]
1332 2595 1536 2638 tenticum

15 2645 215 2699 scriptum
246 2645 325 2686 suit
353 2645 562 2685 Willielmi
586 2645 799 2702 quondam
829 2645 1125 2688 Dunelmensis
1148 2649 1348 2704 episcopi,
1373 2667 1536 2694 succes-

15 2702 115 2743 soris
135 2702 431 2759 praenominati
454 2702 689 2754 walcheri,
713 2703 755 2744 in
775 2718 859 2758 quo
881 2705 1235 2760 comprehensum
1257 2708 1335 2749 suit
1353 2711 1535 2753 eundem

774 2774 801 2801 D
825 2765 851 2802 3
