1807 2962
222 90 292 139 „86
539 106 679 140 HIST.
709 107 945 140 DUNELM.
966 107 1272 142 sempron-Es
1299 109 1438 143 <sn-ss.

348 445 470 492 [CAP.
505 455 628 484 XXIX.
694 455 751 481 DE
786 455 878 482 HIIS
903 454 1005 486 QUAE
1035 455 1176 483 INTER
1213 455 1410 484 MORTEM
1449 457 1638 487 RICARDI

352 513 407 539 ET
432 513 834 540 INSTALLATIONEM
857 513 1110 540 WlLLIELMI
1135 514 1482 553 CONTIGERUNT,
1503 516 1559 544 ET
1580 517 1639 543 DE

351 570 488 599 MALIS
530 571 635 603 QUAE
677 571 894 598 ECCLESIA
942 572 1074 598 PASSA
1123 573 1202 599 EST
1244 573 1302 600 EX
1345 574 1640 602 DISSENSIONE

878 630 1108 660 PRAEFATA.

724 742 824 784 [MS.
850 742 932 785 Cap.
955 751 1069 774 cmm.
1084 739 1141 774 fol.
1164 741 1259 786 204]

284 848 482 903 [Agente
508 849 654 891 Priore
695 850 880 892 Ricardo
914 851 957 891 in
989 849 1205 900 extremis,
1229 850 1305 891 sed
1340 850 1528 891 nondum
1571 858 1753 902 mortuo,

229 908 435 949 miserunt
469 907 571 949 socii
604 911 706 964 ejus,
742 923 886 950 secum
907 908 949 949 in
973 909 1090 950 curia
1120 907 1366 958 existentes,
1399 907 1597 949 nuncium
1622 909 1752 960 domi,

231 979 328 1005 cum
369 965 500 1006 literis
534 967 808 1008 restitutionis
840 968 942 1023 ejuS,
975 968 1048 1023 qui
1079 966 1195 1008 venit
1229 965 1492 1008 Dunelmum
1533 966 1577 1007 in
1613 967 1756 1024 vigilia

233 1022 561 1066 Purificationis.
624 1025 674 1065 In
708 1026 904 1075 crastino,
933 1039 1031 1066 cum
1063 1038 1245 1066 essemus
1278 1024 1319 1064 in
1350 1024 1500 1078 majori
1531 1023 1667 1075 missa,
1690 1041 1755 1066 in·-

228 1082 359 1134 giessi
376 1091 473 1123 sunt
504 1082 642 1124 aulam
675 1083 716 1123 in
742 1083 972 1133 Abbathia,
996 1097 1052 1124 ex
1082 1091 1201 1137 parte
1226 1081 1447 1138 Episcopi,
1477 1082 1664 1139 quinque
1685 1083 1754 1125 vel

227 1153 320 1189 sex,
355 1148 398 1181 et
430 1154 575 1181 omnes
606 1142 786 1196 primam
818 1151 1036 1183 tonsuram
1066 1140 1284 1190 habentes,
1314 1155 1494 1196 quorum
1526 1155 1632 1182 unus
1664 1151 1756 1184 erat

228 1207 454 1238 coronator
487 1198 703 1254 Episcopi,
737 1199 776 1242 J.
811 1200 974 1240 Breton
1006 1198 1191 1248 nomine,
1225 1198 1297 1255 qui
1326 1197 1528 1240 dixerunt
1562 1200 1755 1242 Priorem

227 1267 456 1305 mortuum,
481 1264 524 1297 et
555 1271 599 1297 se
630 1256 688 1297 ibi
719 1257 882 1298 venisse
914 1257 969 1298 ad
1001 1256 1253 1312 capiendum
1276 1256 1510 1311 prioratum
1541 1256 1585 1299 in
1616 1267 1756 1300 custo-

223 1313 339 1353 diam
378 1313 607 1369 Episcopi3
639 1314 832 1356 audierat
854 1314 966 1356 enim
990 1315 1225 1370 Episcopus
1257 1315 1311 1356 de
1344 1323 1480 1356 morte
1506 1315 1677 1366 Prioris,
1710 1325 1753 1371 et

228 1371 502 1414 mandaverat
544 1372 628 1414 suis
665 1382 711 1414 ut
751 1373 983 1428 prioratum
1018 1373 1063 1414 in
1100 1387 1219 1414 suam
1255 1373 1462 1429 saysirent
1499 1373 1753 1417 custodiam.

232 1429 467 1472 Audientes
499 1430 591 1472 haec
623 1431 831 1496 monachi,
855 1431 1012 1472 turbati
1048 1440 1146 1472 sunt
1179 1431 1462 1474 vehementer.
1531 1432 1587 1472 Et
1620 1433 1757 1489 inqui-

226 1489 416 1529 rentibus
447 1489 501 1529 de
533 1489 701 1539 nuncio,
724 1490 795 1545 qui
824 1489 877 1530 de
899 1489 1015 1530 curia
1036 1499 1209 1531 venerat
1230 1490 1298 1531 die
1318 1490 1601 1544 praecedente,
1625 1491 1755 1533 nichil

228 1546 287 1586 eis
320 1546 505 1588 indicare
536 1547 684 1596 voluit,
707 1562 896 1588 asselens
928 1562 972 1588 se
997 1546 1187 1589 Priorem
1209 1563 1295 1588 non
1328 1547 1461 1588 solum
1485 1550 1753 1602 supeistitem

229 1604 303 1644 sed
325 1604 578 1645 incolumem
601 1605 818 1649 dimisisse.
886 1605 1143 1647 Hesitabant
1165 1605 1292 1660 igitur
1315 1605 1417 1661 quid
1439 1605 1641 1651 facerent.
1707 1609 1753 1650 Si

227 1662 339 1702 enim
375 1662 497 1703 Prior
533 1673 743 1717 supeistes
780 1670 903 1713 esset,
938 1678 1022 1704 non
1060 1673 1200 1704 essent
1233 1663 1292 1704 illi
1325 1663 1537 1705 venientes
1559 1679 1612 1706 ex
1635 1675 1754 1720 parte

229 1719 429 1774 Episcopi
471 1720 736 1763 admittendi.
797 1721 845 1763 Si
885 1736 985 1762 vero
1026 1730 1216 1763 mortuus
1258 1730 1379 1772 esset,
1423 1738 1493 1763 eos
1540 1723 1754 1778 expellere

227 1779 510 1833 periculosum
543 1789 663 1820 esset.
725 1779 813 1830 Qui
834 1780 1016 1834 majores
1038 1789 1159 1821 erant
1181 1780 1233 1821 de
1254 1779 1430 1821 consilio
1452 1781 1752 1823 subtraxerunt

227 1853 272 1879 56
316 1837 502 1888 tandem,
527 1838 786 1879 confidentes
818 1837 859 1878 in
890 1837 1046 1879 nuncio
1067 1837 1138 1894 qui
1170 1839 1224 1880 de
1244 1838 1361 1879 curia
1382 1848 1568 1889 venerat,
1593 1839 1754 1883 delibe-

226 1897 378 1937 rabant
409 1911 481 1937 eos
512 1896 805 1950 expellendos.
871 1896 958 1938 Sed
978 1911 1054 1951 per
1075 1912 1180 1953 quos
1201 1896 1472 1938 hesitabatur.
1536 1897 1752 1939 Dixerunt
1805 1907 1807 1909 ’

227 1954 449 1996 saeculares
482 1954 712 1996 servientes
744 1970 787 1995 se
809 1954 863 1996 ad
883 1953 964 1995 hoc
987 1965 1170 2009 paratos.
1232 1955 1318 1996 Sed
1337 1955 1547 2009 rogabant
1568 1970 1754 1998 conven-

227 2023 318 2054 tum
359 2012 594 2063 advertere,
616 2012 732 2069 quod
768 2012 802 2053 si
837 2012 919 2054 hoc
951 2012 1155 2063 facerent,
1192 2013 1372 2068 patriam
1409 2028 1480 2054 eos
1516 2013 1751 2070 relinquere

229 2079 464 2126 oporteret3
502 2071 736 2126 Episcopus
769 2070 881 2111 enim
914 2086 986 2112 eos
1017 2071 1312 2121 incarcararet,
1337 2070 1369 2111 si
1391 2070 1432 2111 in
1455 2071 1595 2125 patria
1615 2087 1750 2114 rema·
1803 2085 1805 2110 1

227 2137 392 2178 nerent,
428 2139 469 2170 et
499 2129 552 2169 de
582 2129 640 2170 eis
671 2129 832 2170 faceret
860 2129 975 2185 quod
997 2129 1198 2184 placeret.
1266 2128 1602 2185 Relinquebatur
1622 2129 1751 2185 igitur

225 2187 341 2243 quod
377 2195 515 2228 essent
536 2202 613 2241 per
647 2187 875 2229 monachos
907 2187 1161 2241 expellendi,
1204 2186 1356 2243 quibus
1399 2188 1535 2228 minus
1579 2202 1749 2230 necesse

225 2254 407 2300 poterat.
478 2245 559 2286 Sed
594 2245 723 2286 etiam
753 2245 1028 2287 haesitabatur
1048 2245 1101 2286 de
1123 2245 1337 2285 monachis
1357 2259 1433 2299 per
1454 2260 1558 2301 quos
1580 2261 1652 2287 eos
1674 2261 1750 2288 ex-

226 2303 392 2358 pediret
423 2303 606 2358 expelli3
639 2312 683 2344 et
715 2318 802 2344 non
833 2303 1084 2344 habentibus
1117 2302 1381 2344 defensorem
1406 2303 1648 2357 juvenibuS,
1682 2319 1748 2346 ar-

226 2362 435 2415 guebatur
471 2362 586 2417 quod
620 2376 695 2416 per
732 2377 802 2402 eos
821 2377 831 2410 3
864 2360 925 2401 illi
961 2361 1072 2402 enim
1107 2361 1298 2401 nondum
1330 2369 1452 2401 erant
1483 2361 1679 2413 ordinati,
1704 2372 1747 2404 et

223 2420 321 2461 ideo
343 2420 491 2461 melius
512 2428 684 2474 possent
705 2419 763 2460 illi
780 2418 1232 2461 excommunicationis
1249 2419 1503 2460 sententiam
1525 2419 1745 2471 sustinere,

223 2478 481 2532 expellendo
503 2493 588 2527 eos,
612 2492 738 2534 quam
769 2477 967 2518 monachi
998 2476 1253 2527 sacerdotes,
1276 2477 1348 2532 qui
1371 2476 1582 2519 habebant
1603 2477 1745 2520 missas

222 2536 378 2577 cotidie
409 2535 634 2576 celebrare.
698 2535 797 2577 Fuit
834 2535 926 2575 haec
956 2534 1167 2577 sententia
1187 2535 1306 2590 quasi
1327 2536 1527 2586 omnium,
1553 2535 1626 2577 sed
1648 2551 1744 2577 cum

219 2593 330 2634 irent
359 2593 540 2647 juvenes
575 2608 715 2633 versus
738 2593 876 2633 aulam
914 2593 968 2633 ad
1000 2593 1311 2634 extrahendum
1347 2607 1433 2641 eOS,
1471 2593 1743 2647 praecedente

219 2666 291 2690 eos
325 2651 506 2706 quodam
540 2650 703 2691 seniore
735 2650 870 2691 zelum
902 2650 1100 2701 habente,
1137 2651 1212 2691 sed
1245 2665 1327 2691 non
1360 2651 1589 2692 secundum
1610 2651 1744 2692 scien-

219 2708 332 2757 tiam,
374 2707 588 2748 revocavit
631 2723 704 2748 eos
745 2709 954 2762 supprior,
1003 2708 1210 2749 Ricardus
1253 2708 1305 2749 de
1347 2708 1549 2763 Aslakby,
1588 2709 1742 2750 saniori

219 2766 371 2806 ductus
394 2765 582 2814 consilio,
623 2766 778 2814 dicens,
819 2772 846 2791 “
868 2767 911 2807 Si
944 2777 1135 2807 mortuus
1151 2775 1228 2816 est,
1263 2781 1347 2807 non
1374 2767 1548 2821 expedit
1571 2782 1643 2808 eos
1666 2780 1740 2808 ex-
