1807 2962
486 143 758 176 APPENDIX.
798 143 917 175 ANN.
947 143 1118 174 Movn.
1388 126 1564 174 ccccvii

48 253 225 296 Abbatis
246 253 299 294 de
325 251 611 294 Blancelande
640 266 717 306 pro
739 249 918 291 ecclesia
940 250 992 290 de
1019 249 1211 297 Bolome,
1236 249 1302 303 vjs.
1327 248 1431 303 viijd.
1495 248 1565 290 De·

42 311 246 368 pensione
276 310 468 351 ecclesiae
501 310 555 351 de
592 308 911 365 Symomlburn,
945 312 1035 348 xxs.
1109 306 1176 347 De
1208 306 1408 361 pensione
1433 307 1565 347 eccle=

43 370 116 410 siae
150 370 203 410 de
240 367 539 424 Ovyngeham,
570 372 627 407 xs.
692 367 762 408 De
786 367 987 422 pensione
1011 363 1202 406 ecclesiae
1226 365 1279 406 de
1305 363 1563 413 Embledon,

45 429 115 482 vj⁸.
140 426 241 481 viijd.

162 697 358 727 CCCXVII.
392 697 559 724 LITERA
590 697 757 724 DOMINI
794 695 926 724 REGIS
961 697 1016 723 DE
1053 694 1324 722 FIDELITATE
1359 695 1448 722 SIBI

162 756 391 784 PRAESTITA
413 755 501 781 PER
525 754 925 782 CHRISTOPHORUM
950 753 1238 780 BAINBRIDGE
1272 753 1452 779 EPISCO·

162 814 259 842 PUM
298 812 648 841 DUNELMENSEM
682 813 898 840 ELECTUM
931 811 1078 839 SUPER
1113 811 1451 838 RESTITUCIONE

517 870 858 898 TEMPORALIUM
900 869 1104 897 SUORUM.

619 965 724 1009 [aeg.
745 964 789 997 v,
806 964 862 997 foi.
886 967 938 997 91.
957 965 1010 1005 ιη-

109 1057 320 1099 Henricus
364 1058 447 1099 Dei
477 1060 620 1115 gracia
663 1059 760 1099 Rex
803 1058 973 1114 Angliae
1005 1067 1048 1098 et
1083 1057 1271 1098 Franciae
1304 1065 1345 1098 et
1377 1056 1577 1097 dominus

49 1116 291 1165 Hiberniae,
315 1115 530 1166 militibus,
561 1116 701 1157 liberis
724 1115 977 1166 hominibus,
1001 1124 1044 1157 et
1066 1116 1260 1156 omnibus
1283 1115 1370 1156 aliis
1396 1113 1578 1155 tenenti-

47 1176 126 1216 bus
153 1174 206 1215 de
230 1173 492 1228 Episcopatu
515 1173 807 1224 Dunelmensi,
831 1174 1021 1218 salutem.
1086 1173 1194 1216 Cum
1219 1172 1415 1213 dominus
1435 1171 1577 1213 Julius-

49 1246 234 1273 summus
267 1231 472 1285 pontifex,
498 1246 630 1286 nuper
657 1241 832 1272 vacante
854 1232 953 1272 sede
976 1231 1201 1286 episcopali
1225 1230 1410 1271 ecclesiae
1432 1229 1576 1270 cathe-

50 1290 176 1331 dralis
201 1289 500 1330 Dunelmensis
532 1304 607 1344 per
638 1289 799 1330 obitum
832 1290 957 1331 bonae
978 1290 1194 1330 memoriae
1218 1287 1441 1328 willielmi
1463 1287 1576 1341 ejus-

50 1349 146 1389 dem
183 1347 372 1389 ecelesiae
409 1347 543 1388 ultimi
580 1349 757 1402 pastoris
789 1355 833 1388 et
869 1347 1068 1402 episcopi,
1105 1361 1325 1401 personam
1359 1345 1499 1385 dilecti
1531 1352 1576 1384 ct

50 1406 184 1447 fidelis
225 1404 364 1446 cleri-ci
403 1415 444 1447 et
480 1405 704 1446 consiliarii
741 1405 873 1446 nostri
906 1406 1095 1459 magistri
1120 1403 1341 1444 Cristofori
1363 1403 1582 1457 Baynbrig

51 1464 239 1518 ejusdem
262 1463 450 1504 ecclesiae
473 1463 596 1504 electi
619 1463 658 1503 in
696 1463 822 1518 ipsius
854 1463 1044 1504 ecclesiae
1076 1461 1316 1517 episcopum
1341 1459 1577 1515 pret'ecerit,

52 1532 96 1563 et
126 1530 355 1577 pastorem,
384 1522 490 1562 sicut
511 1536 586 1576 per
608 1522 748 1562 literas
769 1521 949 1562 bullatas
971 1520 1098 1576 ipsius
1121 1519 1281 1561 domini
1302 1519 1454 1559 summi
1475 1532 1581 1573 pon-

52 1579 176 1621 tificis
217 1578 336 1620 nobis
379 1579 476 1621 inde
518 1579 697 1620 directas
738 1579 859 1620 nobis
894 1589 1087 1627 constat3
1139 1593 1229 1628 nos,
1273 1592 1350 1632 pro
1381 1592 1433 1617 eo
1464 1575 1580 1632 quod

51 1638 250 1693 praefatus
286 1637 445 1678 electus
487 1637 682 1678 omnibus
713 1648 756 1678 et
793 1637 966 1691 singulis
1003 1637 1142 1677 verbis
1178 1635 1299 1676 nobis
1331 1644 1375 1676 et
1410 1648 1581 1675 coronae

53 1705 209 1737 nostrae
245 1695 600 1750 praejudicialibus
637 1696 681 1735 in
718 1695 842 1736 dictis
865 1696 994 1736 literis
1017 1694 1187 1736 bullatis
1209 1692 1415 1734 contentis
1438 1706 1581 1733 coram

52 1752 173 1794 nobis
205 1753 344 1807 palam
366 1762 407 1795 et
430 1768 628 1808 expresse
650 1753 924 1803 renunciavit,
948 1762 989 1794 et
1011 1752 1165 1810 graciae
1188 1760 1344 1792 nostrae
1366 1749 1582 1791 humiliter

54 1827 99 1853 se
140 1810 344 1861 submisit,
388 1812 578 1852 volentes
620 1826 713 1851 cum
756 1827 808 1852 eo
850 1812 892 1851 in
934 1811 1013 1852 ha'c
1054 1820 1174 1865 parte
1208 1823 1335 1863 agere
1376 1807 1581 1863 graciose,

54 1870 242 1924 cepimus
279 1869 527 1911 fidelitatem
562 1868 689 1923 ipsius
715 1869 853 1918 electi,
883 1870 1004 1910 nobis
1041 1883 1117 1923 pro
1154 1866 1458 1922 temporalibus
1480 1865 1583 1907 dicti-

56 1927 340 1983 Episcopatus
371 1928 574 1976 debitam,
598 1937 641 1967 et
674 1926 921 1981 temporalia
950 1927 1033 1976 illa,
1058 1936 1183 1981 prout
1214 1924 1341 1966 moris
1363 1933 1440 1974 est,
1463 1923 1584 1965 resti-

55 1987 213 2027 tuimus
247 1983 395 2027 eidem.
459 1986 516 2026 Et
549 1985 646 2026 ideo
683 1986 801 2026 vobis
834 1984 1085 2026 mandamus
1119 1983 1232 2039 quod
1270 1982 1406 2024 eidem
1429 1982 1581 2032 electo,

55 2055 254 2099 tanquam
274 2043 487 2099 Episcopo
509 2053 552 2084 et
573 2043 746 2083 domino
769 2052 925 2093 vestro,
949 2042 989 2083 in
1013 2042 1209 2083 omnibus
1227 2056 1323 2097 quae
1345 2040 1399 2081 ad
1421 2041 1584 2094 episco-

54 2110 201 2159 patum
224 2102 473 2154 praedictum
495 2102 726 2157 pertinent,
764 2101 1030 2142 intendentes
1068 2099 1158 2141 sitis
1190 2108 1232 2140 et
1257 2099 1581 2154 respondentes,

54 2167 183 2218 prout
212 2158 350 2201 decet.
417 2160 465 2200 In
498 2160 615 2214 cujus
647 2160 706 2200 rei
728 2158 1015 2200 testimonium
1035 2157 1110 2198 has
1132 2157 1272 2199 literas
1294 2155 1389 2197 fieri
1408 2156 1584 2197 fecimus

55 2224 262 2276 patentes.
324 2218 455 2260 Teste
489 2232 556 2257 me
593 2216 683 2271 ipso
717 2216 830 2270 apud
865 2215 1296 2266 westmonasterium,
1319 2226 1381 2254 xx
1401 2213 1470 2254 die
1495 2214 1588 2255 No-

56 2273 252 2323 vmbris,
276 2290 388 2318 anno
410 2274 529 2332 regni
550 2274 681 2315 nostri
703 2275 900 2316 vicesimo
923 2273 1070 2316 tercio.
