1807 2962
427 146 699 180 Ai’rssnmx.
726 145 844 178 ANN.
873 145 1186 178 mccccxmx.
1404 135 1581 182 cccxvii

63 257 137 299 tim
160 263 459 311 apposuerunt.
523 253 638 295 Data
662 251 880 311 Dunelmi,
905 253 1091 293 secundo
1113 252 1181 293 die
1204 253 1359 294 mensis
1380 253 1582 306 Januarii,

62 329 174 356 anno
196 312 373 355 Domini
394 311 615 354 millesimo
638 315 803 353 ccccmo
817 309 1141 367 quadragesimo
1162 309 1355 365 septimo.

184 584 352 614 CCXLII.
388 583 816 612 CERTIFICATORIUM
860 583 1031 611 DOMINI
1073 584 1258 613 Pmoms
1301 587 1478 616 DUNEL-

182 640 348 670 MENSIS
371 642 459 669 PER
476 642 524 669 SE
542 641 716 668 DIVISIM
734 641 918 671 FACTUM
938 641 987 668 IN
999 642 1287 672 VISITACIONE
1307 645 1475 675 DOMINI

185 699 388 728 ROBER'H
413 698 738 727 DUNELMENSIS
762 698 986 728 EPISCOPI.

650 775 755 820 [neg.
774 776 842 809 IV.
864 774 887 808 f.
905 777 959 808 68.
977 776 1025 820 a]

133 870 503 914 Reverendissimo
534 869 579 911 in
607 869 779 912 Christo
800 870 910 926 patri
932 878 974 913 et
995 870 1170 913 domino
1192 873 1364 915 domino
1391 874 1595 930 Roberto‚

71 930 157 973 Dei
191 929 334 984 gracia
356 928 635 970 Dunelmensi
657 929 888 984 Episcopo,
916 943 1014 969 suus
1036 929 1204 972 humilis
1226 941 1270 973 et
1291 931 1467 975 devotus
1490 936 1601 977 filius

76 987 328 1028 Willielmus
366 987 491 1028 Prior
527 985 717 1027 ecclesiae
755 986 1023 1028 Cathedralis
1056 987 1371 1040 Dunelmensis,
1395 992 1600 1034 obedien-

74 1045 197 1095 ciam,
231 1044 515 1086 reverenciam
538 1052 581 1085 et
602 1043 808 1085 honorem
830 1045 999 1085 debitos
1022 1052 1141 1086 tanto
1163 1047 1282 1100 patri.
1346 1048 1602 1092 Mandatum

72 1112 261 1145 vestrum
297 1102 573 1144 reverendum
611 1111 766 1143 octavo
801 1101 872 1143 die
907 1102 1062 1144 mensis
1101 1103 1321 1146 Februarii
1354 1107 1601 1162 recepimus,

75 1169 269 1202 tenorem
288 1159 510 1201 continens
532 1159 874 1216 subsequentem.
937 1160 1154 1202 Robertus
1171 1162 1446 1216 permissione
1463 1165 1606 1208 divina

75 1216 382 1259 Dunelmensis
417 1217 670 1272 Episcopus,
695 1217 944 1272 praedilecto
966 1218 1087 1259 nobis
1108 1217 1150 1258 in
1176 1218 1347 1261 Christo
1368 1221 1603 1264 Williclmo

75 1276 163 1317 Dei
193 1275 336 1330 gracia
365 1275 500 1316 Priori
523 1275 712 1316 ecclesiae
734 1284 889 1316 nostrae
913 1275 1183 1317 Cathedraiis
1205 1277 1516 1330 Dunelmensis,
1541 1296 1606 1322 sa-

74 1334 225 1384 lutem,
263 1332 447 1388 graciam
484 1342 527 1374 et
561 1332 923 1374 benediccionem.
987 1333 1102 1382 Quia
1133 1348 1222 1384 nOS,
1259 1335 1328 1376 die
1364 1336 1513 1387 Lunae,
1547 1338 1608 1380 vi-

75 1391 230 1433 delicet
263 1391 428 1433 decimo
464 1390 534 1432 <lie
571 1391 724 1432 mensis
761 1390 913 1432 Marcii
948 1391 1143 1445 proxime
1176 1391 1333 1443 futuro,
1357 1394 1412 1435 ad
1447 1394 1603 1437 dictam

75 1449 299 1492 ecclesiam
332 1458 520 1490 nostram
557 1447 832 1503 disponimuS,
873 1448 971 1490 Deo
1007 1448 1149 1499 dante,
1187 1449 1413 1503 declinare,
1451 1460 1533 1495 etc.
1555 1454 1609 1495 de

76 1508 211 1549 verbo
243 1508 287 1547 in
322 1506 515 1556 verbum,
553 1515 681 1561 prout
717 1506 907 1561 superius
929 1506 970 1547 in
1002 1506 1132 1548 literis
1165 1508 1391 1561 praedictis‚
1417 1510 1608 1552 Domino

83 1564 224 1606 Priori
247 1563 528 1606 Dunelmensi
561 1578 634 1618 per
669 1579 714 1605 se
747 1564 912 1605 divisim
943 1578 1022 1619 pro
1053 1564 1327 1608 citacionibus
1351 1567 1549 1609 Priorum
1572 1577 1615 1611 et

83 1622 389 1677 Magistrorum
412 1621 465 1662 ad
487 1630 611 1662 extra
632 1621 800 1664 directis
823 1630 865 1663 et
882 1622 1077 1676 proximo
1098 1622 1199 1663 folio
1213 1624 1482 1677 praecedente
1502 1640 1612 1680 prae-

82 1679 247 1735 scriptis
278 1680 442 1734 plenius
478 1679 735 1722 continetur.
800 1679 945 1734 Hujus
980 1678 1109 1733 igitur
1138 1682 1393 1724 auctoritate
1422 1683 1613 1725 mandati

86 1738 270 1788 Priores,
297 1736 541 1791 MagistrOS,
569 1736 779 1778 Custodes
803 1736 1015 1779 Cellarum
1037 1745 1289 1789 nostrarum,
1313 1754 1361 1781 ac
1383 1741 1612 1783 monachos

84 1810 230 1838 omnes
248 1805 290 1837 et
307 1794 492 1849 singulos
509 1794 549 1834 in
567 1793 727 1835 eisdem
740 1803 1065 1845 commorantes,
1084 1794 1302 1837 citavimus
1317 1799 1615 1852 peremptorie,

84 1853 202 1910 quod
233 1860 506 1907 compareant
537 1866 680 1892 coram
711 1851 830 1893 vobis
862 1852 931 1893 die
963 1852 1115 1902 Lunae,
1141 1852 1335 1896 videlicet
1355 1855 1524 1897 decimo
1545 1856 1615 1898 die

86 1910 242 1953 mensis
275 1910 431 1951 Marcii
462 1910 655 1964 proxime
687 1909 844 1959 futuro,
877 1909 921 1950 in
942 1910 1128 1964 capitulo
1152 1910 1450 1963 Dunelmensi,
1473 1913 1615 1955 visita-

88 1969 253 2011 cionem
281 1967 506 2009 actualiter
540 1967 775 2022 suscepturi
808 1976 852 2009 et
884 1967 1103 2009 humiliter
1121 1968 1312 2020 subituri,
1336 1979 1464 2024 prout
1486 1970 1616 2013 iidem

91 2027 275 2077 Priores,
315 2024 529 2080 Magistri,
566 2025 774 2067 Custodes
808 2034 850 2067 et
889 2025 1086 2066 monachi
1127 2027 1358 2069 earundem
1403 2028 1617 2070 Cellarum

89 2098 337 2141 comparere
370 2083 555 2133 deceret,
588 2097 661 2124 seu
684 2083 887 2124 hactenus
909 2097 1154 2138 comparere
1175 2094 1219 2126 et
1234 2084 1372 2126 facere
1389 2100 1619 2128 consueve-

89 2152 203 2184 runt.
265 2141 458 2191 Proviso,
493 2140 665 2191 scilicet,
689 2141 806 2197 quod
837 2141 1000 2182 eaedem
1022 2141 1213 2183 ecclesiae
1233 2143 1453 2197 presencia
1473 2158 1619 2185 mona-

90 2201 269 2242 chorum
299 2214 384 2240 non
416 2207 666 2240 remaneant
688 2199 877 2240 totaliter
897 2198 1127 2249 destitutae,
1151 2200 1225 2240 sed
1248 2202 1364 2256 quod
1385 2200 1427 2240 in
1448 2201 1621 2255 singulis

95 2258 227 2300 Cellis
259 2265 308 2297 ut
340 2266 587 2297 remaneant
622 2256 821 2297 monachi
841 2271 920 2311 pro
942 2255 1094 2297 divinis
1117 2257 1261 2298 officiis
1283 2258 1548 2314 peragendis,
1572 2273 1626 2300 ac

94 2315 185 2358 aliis
207 2313 530 2356 necessitatibus
551 2321 594 2354 et
620 2314 819 2355 oneribus
840 2313 1150 2367 supportandiS,
1173 2323 1277 2369 quot
1298 2315 1454 2356 fuerint
1475 2330 1619 2357 neces-

95 2372 190 2415 sarii
224 2380 268 2414 et
304 2371 496 2412 sufficere
527 2370 726 2425 poterint.
790 2370 959 2412 Literas
981 2385 1083 2412 vero
1105 2379 1263 2413 vestras
1284 2371 1406 2413 nobis
1428 2381 1471 2414 et
1494 2373 1622 2428 Capi-

97 2431 189 2472 tulo
222 2428 412 2472 ecclesiae
451 2437 599 2470 vestrae
623 2427 839 2482 praedictae
867 2428 1046 2469 directas
1069 2428 1191 2469 dictis
1212 2429 1423 2485 suppriori
1445 2438 1488 2472 et
1509 2431 1624 2485 capi-

98 2489 204 2539 tulo,
238 2495 367 2543 prout
400 2486 441 2527 in
478 2486 686 2527 mandatis
717 2484 955 2535 habuimus,
989 2485 1148 2540 porrigi
1178 2486 1368 2538 fecimus,
1392 2496 1436 2529 et
1456 2489 1627 2543 publice

97 2546 270 2589 liberari
305 2560 355 2587 ac
391 2544 530 2587 eidem
567 2543 768 2585 mandato
803 2552 945 2585 vestro
986 2543 1029 2583 in
1070 2543 1263 2585 omuibus
1304 2554 1348 2586 et
1378 2560 1454 2600 per
1490 2546 1631 2588 onmia

100 2604 318 2660 paruimus
334 2611 376 2645 et
398 2602 638 2658 parebimus
660 2602 701 2642 in
723 2601 935 2650 futurum3
951 2600 1132 2656 juribus,
1156 2601 1397 2657 privilegiis,
1422 2603 1629 2646 libertati-

100 2663 181 2704 bus
201 2670 243 2703 et
264 2659 599 2703 immunitatibus
617 2659 859 2701 monasterii
879 2658 1175 2700 Dunelmcnsis
1194 2659 1234 2701 in
1254 2660 1448 2702 omnibus
1463 2677 1630 2717 semper

103 2720 241 2761 salvis.
303 2719 374 2761 Ad
398 2718 490 2760 haec
508 2717 649 2759 omnia
668 2717 839 2758 uomina
856 2716 1078 2758 citatorum
1104 2719 1144 2757 in
1166 2718 1316 2759 cedula
1333 2733 1502 2760 annexa
1523 2734 1630 2774 prae-

104 2777 292 2820 sentibus
315 2777 598 2820 continentur.
624 2775 772 2819 Valeat
797 2784 932 2819 vestra
949 2774 1178 2832 paternitas
1196 2777 1558 2831 reverendissima,
1578 2779 1632 2820 ad
