1807 2962
191 67 449 115 CCCCXXXlV
501 79 641 113 HIs'L
663 80 898 115 DUNELM.
927 83 1233 117 SCRIPTORES
1260 87 1400 120 TRES}

313 416 568 446 cccxxxvn.
602 413 769 444 ΙᾸΤΕΗᾺἱ
792 415 989 442 DIRECTA
1013 412 1235 442 EPISCOPO'
1263 411 1320 443 DE
1346 414 1612 444 σοΝῈΙᾸοΤυ

734 474 791 500 AD
816 473 983 500 NEVILE
1008 459 1193 500 caors0*

469 551 564 593 [MS.
585 552 721 583 Cotton.
739 550 774 581 in
797 549 886 581 Mus.
911 549 1000 581 Brit.
1021 550 1188 582 Faustina
1205 549 1246 582 A.
1264 549 1332 582 VI.
1348 547 1371 580 f.
1390 550 1476 592 47]-

259 658 508 700 Reverende
630 658 751 698 Licet
783 673 806 697 a
828 656 1018 711 personis
1040 657 1358 713 quampluribus
1380 672 1506 713 super
1527 657 1604 707 his,
1628 673 1729 713 quae·

197 727 316 772 gesta
337 725 433 757 sunt
454 731 531 771 per
561 715 775 757 crudelem
801 724 973 770 gentem
999 716 1242 756 Scottorum
1266 714 1305 755 in
1328 716 1516 770 partibus
1543 715 1724 769 Angliae,

194 774 440 830 paternitati
472 782 638 822 vestrae,
675 772 943 821 Reverende,
979 772 1162 813 diversas
1194 773 1335 813 literas
1366 773 1490 829 dirigi
1512 788 1727 827 suppona-

198 848 306 882 mus,
340 831 555 886 cupientes
587 838 728 871 tamen
762 829 815 869 ad
847 838 1119 883 augmentum
1143 828 1300 883 gaudii,
1332 840 1460 884 prout
1478 845 1552 870 nos
1578 845 1733 871 conce-

197 890 396 945 perimus,
419 887 636 943 praemissa
667 886 773 936 fieri,
808 897 991 927 vestrum
1014 887 1199 927 animum
1233 898 1436 937 recreare,
1481 888 1532 928 ad
1576 896 1727 928 vestrae

199 946 504 988 dominacionis
526 944 787 986 audienciam
811 943 1057 984 deducimus
1075 959 1152 998 per
1170 954 1409 997 praesentes.
1465 945 1580 986 Scoti
1599 947 1730 999 igitur

201 1003 443 1059 supradicti,
474 1003 607 1057 paulo
638 1010 744 1055 post·
764 1001 918 1041 festum
955 1001 1100 1041 Sancti
1135 1001 1357 1042 Michaelis
1388 1003 1661 1056 Archangeli,
1686 1002 1732 1042 in.

199 1061 363 1103 summa
394 1060 581 1101 elacione
613 1057 845 1107 constituti,
879 1073 973 1098 cum
1008 1058 1056 1098 ea
1095 1058 1365 1099 multitudine
1388 1068 1643 1101 armatorum
1686 1069 1729 1101 et

199 1120 388 1175 peditum
404 1117 483 1167 cui,
503 1117 609 1158 sicut
626 1115 896 1170 postmodum
917 1115 1153 1156 audivimus
1171 1131 1195 1156 a
1211 1116 1459 1171 quibusdan}
1480 1117 1533 1158 de
1552 1119 1725 1167 eisdem,

200 1186 335 1217 totam
367 1183 536 1229 gentem
567 1182 653 1214 tam
680 1173 871 1214 Franciae
903 1188 1028 1228 quam
1057 1173 1223 1229 Angliae
1247 1190 1332 1214 non
1355 1175 1587 1216 credebant
1605 1190 1728 1229 posse

198 1233 412 1282 restitisse,
446 1231 524 1273 etsi
544 1231 652 1272 vires
675 1246 768 1271 suas
791 1232 1048 1271 unanimiter
1062 1231 1368 1281 conflavissent,
1393 1242 1533 1286 partes
1557 1232 1727 1289 Angliae

199 1292 459 1340 invadentes,
495 1305 565 1330 eas
588 1289 794 1329 incendiis
812 1296 853 1328 et
885 1288 1083 1329 feralibus
1114 1289 1266 1345 gladiis
1289 1288 1627 1345 circumquaque,
1650 1303 1729 1344 per

201 1365 305 1405 quas
336 1348 526 1389 fecerunt
562 1347 800 1396 transitum,
839 1346 1066 1386 crudeliter
1097 1347 1382 1398 devastarunt,
1407 1347 1478 1388 vix
1507 1356 1730 1402 parcentes

200 1407 317 1448 sexui
338 1414 410 1447 aut
432 1404 548 1446 aetati
567 1420 577 1453 3
601 1413 642 1444 et
666 1403 774 1444 inter
789 1403 1151 1459 malahujusmodi
1168 1420 1262 1460 quae
1277 1405 1479 1446 atrociter
1493 1404 1734 1446 committe-

199 1466 316 1513 bant,
357 1462 613 1504 fortalicium
647 1461 700 1502 de
738 1461 889 1515 Lydel,
933 1463 1049 1517 cujus
1071 1462 1305 1503 custodiam
1343 1462 1491 1504 habuit
1532 1461 1733 1503 dominus-

204 1521 451 1562 Willielmus
483 1520 536 1561 de
574 1519 717 1573 Selby,
736 1527 953 1573 ceperunt,
973 1520 1206 1561 interfectis
1233 1521 1429 1561 omnibus
1453 1528 1664 1575 quotquot
1686 1520 1728 1560 in

200 1580 352 1620 eodem
384 1578 557 1619 fuerunt
589 1576 783 1616 inventi:
817 1577 1089 1630 postmodum
1122 1593 1238 1627 vero,
1272 1578 1386 1632 apud
1419 1578 1533 1618 aliud
1568 1577 1731 1618 fortali-

200 1637 320 1686 tium,
345 1636 461 1691 quod
477 1645 652 1675 vocatur
676 1633 967 1688 Haydenhall,
984 1635 1112 1688 juxta
1130 1635 1327 1688 Corbrig‚
1354 1635 1508 1677 Scottis
1530 1650 1573 1676 se
1597 1644 1734 1675 trans-

201 1694 450 1743 ferentibus,
484 1692 588 1733 illud
620 1691 831 1732 reservata
852 1691 938 1731 vita
958 1691 1290 1734 inhabitancium
1314 1692 1526 1734 redditum
1554 1692 1634 1733 fuit
1656 1692 1732 1733 eis.

202 1752 376 1793 Deinde
412 1765 528 1799 vero,
567 1749 855 1790 continuando
893 1749 1040 1799 dietas,
1075 1750 1142 1791 die
1180 1751 1254 1791 tali
1292 1750 1491 1792 Octobris
1525 1757 1734 1790 venerunt

205 1809 316 1850 circa
352 1809 498 1849 horam
526 1806 643 1861 quasi
676 1821 830 1846 nonam
862 1821 994 1861 prope
1026 1807 1166 1848 villam
1200 1808 1401 1848 Dunolm.
1424 1821 1550 1862 super
1570 1822 1734 1848 moram

204 1867 259 1907 de
298 1866 421 1907 Bello
461 1864 665 1913 Redditu,
704 1863 976 1904 ostendentes
1010 1878 1053 1904 se
1100 1880 1175 1918 per
1220 1865 1442 1919 dispositas
1475 1864 1584 1905 acies
1618 1864 1739 1920 quasi*

203 1923 341 1978 parati
364 1921 616 1963 unanimiter
637 1920 690 1961 ad
707 1920 998 1974 pugnandum.
1064 1922 1149 1963 Sed
1171 1924 1326 1971 statim,
1344 1924 1432 1962 sine
1454 1922 1588 1976 plure,
1613 1937 1656 1962 se
1679 1922 1735 1963 ad

205 1979 439 2020 manerium
460 1986 650 2018 nostrum
674 1977 727 2017 de
754 1977 875 2018 Bello
902 1977 1093 2019 Reddita
1124 1980 1442 2029 convertebant,
1467 1993 1542 2033 per
1563 1987 1734 2020 noctem

206 2037 321 2077 illam
359 2045 491 2076 totam
524 2034 632 2075 infra
649 2049 836 2088 parcum,
871 2034 988 2075 nullo
1020 2051 1166 2077 eorum
1198 2045 1321 2077 extra
1341 2044 1601 2086 remanente,
1626 2036 1734 2077 sicut

207 2095 284 2135 sub
331 2092 586 2134 certitudine
637 2091 875 2141 habuimus,
942 2102 1272 2146 pernoctarunt3
1319 2094 1549 2135 venerabili
1604 2093 1736 2135 Patre

208 2151 385 2192 domino
409 2149 740 2203 Archiepiscopo
772 2149 1032 2190 Eboracensi
1054 2159 1096 2191 et
1118 2151 1207 2191 aliis
1246 2151 1521 2205 Magnatibus
1543 2150 1613 2206 qui
1636 2165 1733 2192 cum

207 2224 260 2250 eo
282 2209 463 2257 fucrant,
484 2207 537 2247 de
556 2221 733 2262 quorum
750 2206 1000 2256 nominibus,
1016 2224 1094 2262 per
1111 2208 1214 2249 alios
1228 2209 1395 2262 plenius
1412 2224 1537 2263 quam
1552 2223 1629 2263 per
1638 2223 1732 2258 nos,

207 2282 282 2306 vos
305 2266 512 2306 eredimus
541 2264 758 2305 certiorari
780 2264 952 2313 debere,
983 2264 1090 2306 infra
1110 2280 1281 2320 parcum
1307 2275 1489 2306 vestrum
1512 2266 1565 2306 de
1589 2265 1737 2306 Auke-

209 2324 310 2364 land
342 2323 490 2363 eadem
514 2330 641 2362 nocte
667 2337 711 2361 se
744 2321 1048 2363 collocantibus
1070 2323 1248 2363 occulte.
1314 2323 1462 2373 Porro,
1486 2323 1527 2362 in
1549 2322 1731 2363 crastino

211 2381 293 2430 die,
324 2381 521 2420 videlicet
542 2392 636 2419 XVII
665 2378 875 2428 Octobris,
899 2381 1158 2420 nostratibus
1192 2395 1324 2435 usque
1346 2395 1508 2420 moram
1531 2380 1583 2420 de
1609 2379 1737 2420 Bello

210 2437 415 2487 Reddita,
434 2437 487 2478 de
509 2451 592 2492 quo
607 2435 890 2490 praemittitur,
910 2436 1229 2488 declinantibus,
1248 2438 1383 2478 Scotti
1399 2437 1481 2478 hoc
1498 2437 1732 2486 audientes,

261 2556 277 2573 *2‘
293 2552 380 2583 This
396 2551 498 2583 letter
514 2551 542 2582 is
558 2550 694 2592 already
711 2552 745 2582 in
763 2551 854 2591 print
864 2552 899 2582 in
916 2561 980 2584 one
992 2552 1027 2584 of
1043 2563 1106 2584 our
1122 2552 1365 2590 Publications‚
1382 2554 1445 2585 but
1462 2554 1507 2584 its
1523 2554 1734 2596 importance

213 2597 248 2628 in
267 2597 435 2628 avolume
452 2595 622 2637 expressly
640 2595 782 2627 devoted
807 2600 842 2626 to
867 2596 1023 2628 Durham
1049 2598 1196 2639 History
1215 2599 1240 2628 is
1267 2598 1305 2629 of
1324 2598 1405 2629 such
1423 2598 1622 2640 magnitude
1638 2609 1673 2629 as
1698 2603 1737 2629 to

212 2641 356 2673 demand
374 2651 392 2671 a
408 2640 501 2680 place
514 2640 595 2672 here
605 2641 639 2671 in
656 2641 700 2671 its
717 2639 960 2683 chronological
976 2641 1083 2673 order.
1110 2643 1173 2673 See
1190 2642 1249 2674 the
1262 2642 1335 2674 first
1349 2642 1486 2674 volume
1502 2642 1541 2673 of
1551 2642 1610 2674 the
1623 2643 1735 2674 Series

211 2685 250 2716 of
272 2684 426 2716 Durham
448 2683 488 2714 W
493 2684 547 2715 ills
563 2685 629 2715 aud
646 2684 863 2716 Inventories
879 2685 947 2727 (pp.
963 2688 1005 2717 29
1023 2685 1088 2718 and
1104 2686 1174 2730 30),
1187 2685 1239 2719 for
1254 2686 1389 2720 further
1404 2686 1576 2720 historical
1599 2687 1733 2720 notices

213 2730 356 2763 relative
372 2734 407 2762 to
425 2729 482 2762 the
501 2728 618 2762 Battle
635 2728 674 2761 of
691 2728 725 2762 N
728 2727 858 2761 eville's
875 2730 985 2762 Cross„
