1807 2962
420 110 698 142 APPENDix.
727 110 850 141 ANN.
881 110 1229 144 mccctxxmx.
1508 105 1598 151 clix

72 218 138 259 cio
174 216 358 258 fideliter
390 216 681 271 impendendo
718 215 1001 257 concessimus
1035 217 1088 257 ad
1125 225 1261 259 totam
1299 219 1430 261 vitam
1468 237 1599 275 suam,

71 275 264 331 quolibet
294 274 494 315 videlicet
525 274 607 323 die,
633 288 762 315 unum
785 274 929 314 album
952 288 1103 328 panem
1127 275 1180 315 de
1203 277 1453 319 secundario
1474 294 1599 333 pane,

71 347 200 374 unam
230 333 425 385 lagenam
447 332 632 372 servisiae
654 340 696 372 et
719 345 846 371 unum
870 331 1076 372 ferculum
1099 332 1152 372 de
1174 334 1369 388 coquina,
1393 336 1511 377 sicud
1533 339 1604 379 alii

71 389 299 431 servientes
336 390 468 430 nostri
501 388 760 429 condicionis
793 403 881 428 suae
913 388 1133 443 percipere
1155 390 1376 447 continget
1397 407 1475 446 pro
1497 402 1605 436 tem·

71 462 191 503 pore,
225 456 269 487 et
300 461 432 487 unum
462 455 799 500 garmamentum
831 446 885 486 de
907 455 1023 487 secta
1043 447 1322 489 serviencium
1344 460 1603 502 nostrorum,

73 504 244 561 quando
275 518 352 545 nos
384 503 611 559 contigerit
642 503 732 544 aliis
764 503 902 544 facere
933 503 1235 545 liberacionem
1267 508 1536 559 generalem3
1564 519 1609 551 et

75 562 250 617 singulis
281 560 401 603 annis
433 575 509 615 pro
530 561 682 601 salario
705 575 781 601 suo
802 575 879 601 sex
900 561 1059 602 solidos
1081 571 1125 602 et
1146 572 1245 603 octo
1267 564 1478 607 denarios.
1541 567 1609 609 lta

74 630 218 662 tamen
251 619 368 675 quod
399 618 516 660 dicto
545 618 715 659 Thoma
736 618 854 658 senio
876 618 944 658 vel
966 618 1187 661 debilitate
1209 621 1442 672 confracto,
1467 637 1541 664 seu
1562 624 1609 666 in

76 678 152 718 tali
185 675 423 731 egritudine
457 675 689 717 constituto
722 676 839 730 quod
875 675 1051 717 ulterius
1087 691 1172 718 nou
1208 679 1397 732 potuerit
1429 681 1471 720 in
1494 681 1609 723 dicto

76 735 216 776 officio
245 735 426 775 honeste
458 733 685 782 deservire,
709 742 843 774 cesset
865 742 1019 788 expost
1041 735 1259 789 perceptio
1281 736 1493 778 dictorum
1514 754 1610 793 gar-

76 791 283 834 mamenti
304 800 348 833 et
369 791 508 832 salarii
526 806 538 840 3
560 790 710 832 ceteris
732 791 926 832 omnibus
945 806 1022 845 pro
1043 792 1213 833 residuo
1235 793 1334 834 vitae
1356 810 1444 835 suae
1467 796 1509 836 in
1531 812 1608 837 suo

76 850 231 891 robore
265 850 565 904 permansuris.
627 848 680 889 ln
711 849 830 903 cujus
862 848 924 888 rei
956 849 1247 890 testimonium
1278 852 1461 905 sigillum
1494 869 1611 894 com-

76 921 206 948 mune
240 907 414 962 capituli
446 905 726 960 praesentibus
763 915 828 946 est
864 919 1112 960 appensum.
1174 908 1293 949 Data
1321 910 1540 960 Dunelmi,
1565 912 1607 951 in

79 965 208 1005 domo
240 974 383 1005 nostra
413 963 648 1017 capitulari,
682 976 787 1003 xlm
819 963 888 1004 die
915 964 1071 1005 mensis
1096 964 1359 1016 Decembris,
1381 982 1495 1011 anno
1519 969 1610 1010 Do-

78 1021 183 1062 mini
203 1021 424 1063 millesimo
446 1036 518 1062 ccc
539 1022 798 1075 octogesimo
820 1030 987 1065 octavo.

201 1265 338 1293 CXLII.
381 1265 600 1292 LICENCIA
633 1265 975 1292 LONDONIENSIS
1018 1266 1228 1292 EPISCOPI
1271 1265 1495 1294 CONCESSA

201 1322 423 1349 EPISCOPO
462 1321 767 1349 DUNELMENSI
811 1322 867 1348 AD
912 1322 1228 1349 EXERCENDAM
1261 1323 1496 1351 JURISDIC-

202 1380 383 1407 ClONEM
399 1380 540 1406 INFRA
559 1379 780 1406 DIOCESIM
805 1361 1173 1407 LON⁸DON1ENSEM
1193 1380 1284 1411 QUO
1307 1381 1364 1407 AD
1388 1381 1494 1407 SUB-

202 1437 338 1465 D1TOS
361 1437 568 1464 EPISCOPI
592 1436 932 1473 DUNELMENSIS,
958 1437 1056 1466 ETC.

646 1513 748 1559 [Reg.
770 1515 823 1547 11.
839 1514 896 1547 roi.
914 1516 979 1546 302
997 1515 1044 1557 b.]

147 1590 403 1633 Reverendo
424 1592 466 1632 in
491 1592 666 1633 Christo
687 1590 796 1646 patri
818 1606 867 1632 ac
889 1591 1062 1632 domino
1085 1591 1262 1633 domino
1284 1593 1501 1645 Wakero,
1528 1595 1614 1636 Dei

88 1650 231 1703 gracia
266 1649 549 1690 Dunelmensi
586 1650 801 1703 episcopo,
846 1649 1060 1689 Robertus
1103 1649 1294 1703 ejusdem
1333 1653 1610 1705 permissione

90 1706 403 1749 Londoniensis
441 1707 677 1761 Episcopus
713 1706 893 1747 salutem
919 1715 961 1747 et
995 1706 1195 1746 fraternae
1217 1707 1459 1750 dileccionis
1482 1710 1615 1751 conti-

87 1779 221 1805 nuum
258 1765 577 1805 incrementum.
654 1763 716 1805 Ut
752 1763 901 1804 altaria
936 1778 1228 1820 quaecumque,
1263 1765 1375 1806 infra
1409 1768 1616 1821 capellam

88 1821 271 1877 hospicii
305 1821 435 1862 vestri
463 1821 506 1861 in
541 1821 743 1862 suburbio
778 1821 1073 1862 Londoniensi
1096 1821 1224 1875 juxta
1247 1822 1616 1880 Charryngcrosse

90 1878 248 1928 situati,
272 1888 428 1919 nostrae
450 1880 683 1929 dioceseos,
708 1889 953 1919 constructa
984 1887 1026 1919 et
1046 1880 1345 1929 construenda,
1368 1896 1616 1923 consecrare

91 1946 136 1978 et
157 1937 371 1986 dedicare,
396 1952 469 1977 seu
491 1951 567 1991 per
588 1951 898 1992 quemcumque
920 1935 1046 1976 alium
1071 1936 1318 1992 episcopum
1341 1939 1613 1989 catholicum,

90 1996 277 2048 graciam
310 2003 354 2035 et
387 1994 728 2035 communionem
752 1995 875 2036 Sedis
900 1993 1144 2048 apostolicae
1166 2002 1208 2035 et
1229 1996 1531 2037 execucionem
1554 1997 1617 2037 of-

92 2053 180 2093 ficii
213 2053 490 2102 obtinentem,
518 2051 577 2093 sic
606 2051 841 2093 consecrari
874 2052 1028 2101 facere,
1053 2066 1102 2092 ac
1134 2051 1179 2091 in
1207 2052 1356 2094 eadem
1389 2054 1553 2109 capella
1574 2063 1618 2095 et

93 2109 183 2150 aliis
219 2109 396 2164 hospicii
427 2110 554 2151 vestri
585 2108 789 2150 antedicti
825 2108 1028 2163 partibus,
1059 2116 1104 2149 et
1137 2108 1237 2150 alibi
1267 2110 1538 2167 ubicumque,
1574 2111 1618 2152 in

93 2167 249 2208 nostris
271 2166 450 2208 civitatis
472 2175 514 2208 et
535 2166 753 2208 dioceseos
773 2166 890 2216 locis,
925 2166 1071 2221 utique
1093 2166 1148 2207 ad
1180 2166 1262 2208 hoc
1282 2167 1488 2218 honestis,
1520 2169 1619 2209 mis-

95 2239 162 2265 sas
184 2234 227 2266 et
256 2225 340 2265 alia
367 2223 509 2265 divina
545 2224 683 2265 officia
715 2232 803 2265 tam
837 2238 910 2265 vos
946 2237 1074 2279 quam
1107 2224 1316 2277 capellani
1347 2226 1472 2267 vestri
1500 2227 1620 2267 fami-

95 2282 235 2332 liares,
259 2291 347 2323 tam
381 2282 423 2321 in
456 2281 584 2323 vestri
616 2281 851 2336 praesencia
886 2295 1014 2336 quam
1046 2280 1089 2321 in
1127 2281 1336 2331 absencia,
1372 2283 1546 2324 valeatis
1576 2292 1620 2324 et

95 2338 265 2379 valeant
295 2339 524 2388 celebrare,
547 2353 714 2380 necnon
745 2338 862 2393 quod
891 2338 1147 2392 ubicumque
1169 2338 1279 2379 infra
1299 2338 1432 2380 dictas
1455 2348 1620 2381 nostras

97 2395 312 2437 civitatem
340 2405 384 2436 et
414 2395 617 2436 diocesim
654 2403 907 2436 testamenta
945 2409 1311 2450 quorumcumque
1351 2397 1620 2440 subditorum

97 2463 339 2495 vestrorum
369 2452 668 2493 defunctorum
699 2453 893 2507 probare,
925 2460 968 2492 et
999 2452 1248 2505 approbare,
1272 2467 1346 2493 seu
1377 2455 1620 2508 reprobare,

96 2526 146 2552 ac
160 2508 621 2565 bonorumhujusmodi
639 2509 890 2550 testancium
908 2508 1332 2559 administracionem,
1352 2525 1425 2552 seu
1444 2512 1625 2554 aliorum

97 2568 362 2609 subditorum
383 2576 619 2608 vestrorum
640 2567 694 2607 ab
716 2566 919 2607 intestato
933 2565 1250 2616 decedendum,
1269 2569 1456 2621 personis
1472 2571 1625 2625 quibus

99 2625 310 2667 videbitur
340 2625 573 2680 expediens
605 2625 863 2673 commitere,
901 2623 1205 2679 calculumque,
1239 2624 1526 2677 raciocinium,
1549 2643 1624 2669 seu

99 2691 342 2738 compotum
376 2681 758 2723 administracionis
786 2680 1030 2735 hujusmodi
1052 2681 1105 2721 ab
1128 2680 1285 2722 eisdem
1309 2683 1624 2726 administrato-

100 2741 214 2782 ribus
245 2740 432 2795 recipere
464 2748 507 2781 et
540 2738 723 2794 exigere,
749 2739 936 2781 literatos
966 2747 1115 2780 vestrae
1139 2747 1179 2780 et
1203 2738 1332 2781 eciam
1354 2750 1511 2783 nostrat·
1534 2743 1625 2784 dio-
