1807 2962
193 42 236 88 Xl
505 57 641 88 HIST.
669 57 906 90 DUNELM.
936 56 1244 89 SCRIPTORES
1271 57 1413 90 TRES,

194 164 423 213 serendus3
446 169 493 204 ut
514 163 547 204 si
568 179 666 205 casu
689 165 914 219 contigerit
937 179 1068 205 unum
1089 164 1241 215 amitti,
1264 163 1397 219 possit
1414 163 1506 205 fieri
1523 179 1717 207 recursus

195 223 250 263 ad
272 222 415 273 alium,
440 221 512 278 qui
532 222 575 262 in
596 223 792 264 custodia
812 223 938 264 fuerit
959 230 1210 266 reservatus,

317 339 440 390 Quod
457 340 629 380 Priores
649 345 686 378 et
710 337 807 395 [sic]
837 339 1041 380 Cellarum
1062 339 1230 378 debeant
1256 339 1484 391 certg'fi'eare
1504 339 1605 378 Pri-

313 411 423 437 orem
464 397 774 437 chnelmensem
808 398 856 437 de
894 397 1118 436 redditibus
1158 397 1389 438 Domorum
1438 409 1610 437 suarum

312 456 433 495 semel
451 456 495 494 in
516 467 637 494 anno.

262 544 373 586 Item
408 551 615 586 statutum
652 550 715 584 est
746 557 823 598 per
853 542 1023 584 eosdem
1057 550 1103 583 ut
1133 557 1280 583 omnes
1305 542 1474 584 Priores
1498 542 1724 593 Cellarum,

201 603 361 644 scilieet
394 602 515 643 Prior
546 602 600 643 de
635 601 935 655 Coldingham,
971 599 1094 642 Prior
1124 600 1179 641 de
1210 600 1368 650 Insula,
1396 600 1517 641 Prior
1538 600 1591 641 de
1615 600 1727 656 Fyn-

200 661 300 710 kall,
327 660 449 702 Prior
470 661 523 701 de
547 659 765 709 Stanford,
792 657 914 700 Prior
935 658 989 699 de
1012 657 1204 708 Lithum,
1230 658 1554 699 Procuratorde
1573 658 1724 709 Fame,

199 728 246 759 et
281 719 537 759 Procurator
567 718 621 758 de
659 716 918 766 Weremuth,
955 716 1116 757 faciunt
1148 715 1340 766 rotulari,
1381 716 1556 773 singulis
1580 718 1725 766 jannis,

203 792 349 817 omnes
386 776 591 826 redditus,
629 775 929 830 possessiones,
968 782 1011 815 et
1043 773 1183 814 omnia
1214 774 1403 828 proficua
1432 774 1486 815 ad
1508 773 1728 815 ecclesiam

203 850 320 875 suam
343 833 631 888 pertinencia3
665 840 706 874 et
730 847 857 873 unum
880 832 1069 873 rotulum
1091 831 1262 872 tradant
1289 831 1423 872 Priori
1447 831 1728 873 Dunelmensi

203 892 527 939 reservandutn3
561 891 689 932 alium
726 905 870 932 secum
906 889 1161 939 retinentes,
1195 898 1241 930 ut
1273 890 1314 929 in
1347 890 1431 930 fine
1463 889 1563 930 anni
1595 889 1731 944 possit

203 949 404 1004 cognosci
434 958 639 1004 quantum
670 948 874 1003 quaelibet
902 947 1080 989 ecclesia
1100 946 1292 997 creverit,
1312 947 1485 1001 singulis
1505 947 1640 996 annis,
1663 946 1732 988 vel

205 1008 414 1049 diminuta
444 1007 585 1047 fuerit.
650 1006 757 1047 Item
789 1014 994 1046 statutum
1026 1014 1089 1046 est
1120 1014 1166 1045 ut
1187 1005 1490 1060 praedictarum
1517 1004 1732 1045 Cellarum

207 1065 376 1107 Priores
400 1074 441 1106 et
466 1065 768 1105 Procuratores
790 1064 964 1104 visitent
994 1062 1124 1103 semel
1155 1063 1195 1102 in
1223 1078 1336 1103 anno
1359 1065 1576 1103 matricem
1599 1062 1734 1103 eccle-

205 1123 309 1164 siam
346 1138 462 1163 suam
500 1123 554 1163 de
593 1122 839 1169 Dunel1n03
886 1121 940 1162 ad
977 1120 1241 1162 reddendam
1277 1120 1482 1162 rationem
1526 1121 1579 1161 de
1620 1129 1732 1161 statu

207 1181 447 1222 Domorum
479 1194 676 1227 suarum3
709 1188 756 1220 ut
785 1179 917 1233 possit
949 1178 1149 1232 cognosci
1181 1187 1400 1234 quantum,
1425 1187 1467 1219 et
1498 1178 1540 1219 in
1563 1177 1731 1234 quibus,

209 1239 331 1281 Cella
352 1246 626 1295 augmentata
646 1236 776 1277 fuerit
798 1236 864 1278 vel
886 1235 1105 1277 diminuta.

445 1355 568 1405 Quod
594 1366 729 1395 omnes
753 1352 1052 1394 obedientiarii
1070 1353 1208 1394 debent
1227 1354 1332 1393 idem
1339 1352 1500 1406 facere,

274 1460 475 1502 Similiter
510 1467 715 1501 statutum
747 1469 812 1499 est.
842 1473 917 1513 per
947 1458 1118 1500 eosdem
1152 1467 1198 1500 ut
1238 1473 1383 1500 omnes
1429 1458 1738 1501 obedientiarii

215 1520 378 1560 Domus
403 1517 716 1567 Dunelmensis,
740 1516 897 1557 scilicet
918 1517 1114 1567 Sacrista,
1141 1517 1424 1567 Camerarius,
1450 1517 1738 1568 Hostillarius,

219 1575 567 1625 Elemosinarius,
602 1575 759 1616 faciant
790 1574 1012 1615 inrotulari
1045 1574 1219 1628 singulis
1242 1576 1360 1615 annis
1382 1589 1527 1615 omnes
1549 1575 1741 1616 redditus

215 1646 258 1676 et
280 1643 508 1690 proventus
540 1634 592 1674 ad
617 1632 879 1674 obedientias
902 1647 996 1672 suas
1018 1633 1276 1687 pertinentes
1296 1648 1305 1674 :
1341 1633 1398 1675 Et
1420 1632 1588 1673 tradant
1612 1648 1741 1673 unum

214 1693 401 1733 rotulum
425 1691 588 1740 Priori3
621 1700 668 1732 ut
691 1691 733 1731 in
764 1690 851 1730 fine
874 1690 971 1730 anni
994 1691 1124 1744 possit
1144 1691 1341 1746 cognosci
1364 1699 1497 1731 status
1519 1691 1744 1745 cujuslibet

217 1750 489 1800 obedientiae,
514 1758 719 1805 quantum
742 1749 834 1802 quis
857 1747 1084 1801 profecerit
1105 1747 1145 1787 in
1170 1763 1244 1788 sua
1265 1748 1634 1789 administracione
1653 1765 1662 1790 ε
1698 1757 1743 1789 ut

217 1809 275 1848 sic
308 1817 442 1848 status
474 1806 662 1848 eeclesiae
694 1805 996 1846 Dunelmensis
1026 1813 1070 1847 et
1104 1805 1317 1847 Cellarum
1338 1806 1392 1847 ad
1414 1821 1506 1848 eam
1528 1805 1745 1862 pertinen-

218 1866 328 1908 cium
351 1866 485 1920 possit
505 1864 666 1905 facilius
687 1862 941 1906 conservari.

545 1981 615 2020 De
641 1980 685 2019 T
678 1980 838 2019 errario
858 1979 967 2032 quod
984 1979 1124 2019 debeat
1143 1979 1414 2032 idemfacere.

286 2085 487 2128 Similiter
517 2091 720 2125 statutum
754 2091 815 2124 est
848 2084 902 2124 de
927 2084 1139 2134 Terrario,
1163 2094 1222 2134 ut,
1247 2085 1420 2139 singulis
1438 2085 1572 2135 annis,
1595 2086 1746 2128 reddat

224 2146 393 2187 fidelem
425 2142 792 2197 computacionem
817 2142 955 2182 Priori
978 2142 1256 2184 Dunelmensi
1283 2143 1336 2184 de
1359 2143 1575 2199 adquisitis
1597 2144 1681 2185 suis
1703 2153 1747 2185 et

224 2203 414 2252 escaetiS,
439 2210 481 2242 et
503 2200 593 2242 aliis
614 2199 814 2255 proficuis
836 2199 934 2240 suis.

851 2317 919 2357 De
941 2315 1133 2359 Mimctis.

289 2411 398 2451 Item
433 2408 485 2449 ad
518 2406 674 2447 ordinis
707 2405 1015 2447 exaltacionem
1039 2413 1081 2447 et
1103 2405 1434 2460 promocionem,
1460 2406 1684 2448 Conventu
1708 2407 1752 2448 id

228 2468 397 2509 volente
441 2475 482 2507 et
525 2473 712 2519 petente,
765 2464 1063 2504 inviolabiliter
1104 2464 1428 2513 observandum,
1472 2479 1545 2518 per
1578 2466 1752 2506 eosdem

232 2526 420 2567 Priorem
444 2533 486 2565 et
511 2524 629 2564 Conv
622 2531 778 2563 entum
798 2530 1004 2563 statutum
1021 2530 1096 2572 est,
1122 2529 1168 2562 ut
1190 2521 1339 2562 minuti
1360 2523 1546 2562 secunda
1566 2522 1633 2563 die
1655 2531 1753 2563 eant

231 2584 475 2624 cumbatum
508 2590 606 2621 ante
638 2589 906 2628 conventum,
932 2579 1038 2620 sicut
1069 2579 1262 2620 solebant
1284 2580 1419 2634 prima
1440 2579 1507 2620 (lie
1526 2590 1621 2634 post
1639 2595 1752 2620 com-

229 2641 470 2695 pletorium.
535 2639 604 2679 Ab
636 2638 674 2677 h
668 2653 714 2678 ac
743 2637 992 2678 necessitate
1014 2637 1173 2678 ordinis
1194 2646 1335 2677 custos
1357 2637 1428 2692 qui
1451 2637 1491 2676 in
1515 2637 1752 2678 minucione

232 2714 374 2748 sua,s1
398 2698 590 2748 voluerit,
616 2696 770 2750 poterit
792 2696 875 2736 suis
899 2695 1020 2737 sociis
1042 2695 1244 2737 solacium
1265 2695 1419 2747 facere,
1444 2696 1503 2737 ita
1523 2696 1751 2751 quodcum
