1807 2962
195 77 234 124 H-
504 89 640 121 HIST.
668 88 906 121 DUNELM.
935 87 1244 119 SCRIPTORES
1271 87 1416 120 TRES.

196 206 380 254 putaret,
416 196 575 238 domini
607 195 688 236 mei
713 194 844 250 Regis
877 193 1121 244 willielmi,
1146 202 1188 236 et
1210 194 1399 249 conjugis
1421 208 1508 234 suae
1532 193 1726 235 Matildis

202 256 395 310 Reginae,
435 264 478 295 et
517 253 747 296 Lanfranci
783 253 1098 295 Cantuariensis
1136 251 1469 307 Archiepiscopi‚
1508 252 1728 294 consilium

199 315 348 371 petivi.
416 313 514 354 Rex
545 311 702 360 statim,
727 319 774 351 ut
805 325 859 351 ex
891 309 1005 351 omni
1035 318 1155 364 parte
1179 319 1265 350 tam
1287 309 1399 351 utilis
1422 309 1583 350 consilii
1604 310 1731 351 robo-

199 381 365 413 raretur
386 385 630 419 consensus,
655 368 709 409 ad
736 368 894 423 Papam
922 367 1193 422 Gregorium,
1218 377 1303 408 tam
1328 368 1380 409 de
1402 367 1480 408 hiis
1503 382 1598 409 eum
1632 382 1732 408 con-

202 431 427 478 sulturum,
461 443 586 484 quam
622 427 675 467 de
710 426 815 476 aliis,
840 440 935 481 quae
969 425 1257 474 mandaverat,
1283 425 1359 467 sibi
1396 425 1636 466 locuturum
1667 439 1733 466 me

202 487 329 529 misit.
394 487 489 536 Cui,
513 485 614 526 dum
651 484 704 525 de
734 483 848 525 beati
870 483 999 538 patris
1026 483 1251 525 Cuthberti
1273 483 1496 524 sanctitate
1517 483 1729 539 quaedam,

200 545 301 587 licet
323 559 472 599 pauca,
496 544 711 592 dixissem,
731 552 920 583 nostrum
943 556 1019 596 per
1041 541 1183 582 omnia
1203 541 1280 583 sibi
1302 540 1461 596 placuit
1481 540 1700 582 consilium
1721 556 1732 582 ε

203 612 263 652 ut,
288 602 500 651 videlicet,
525 601 771 648 monachos,
795 614 900 655 quos
933 599 975 639 in
1007 599 1172 640 duobus
1200 598 1481 654 Episcopatus
1507 598 1593 640 mei
1614 597 1731 649 locis,

205 658 521 702 Weremutha*
545 668 587 700 et
610 657 773 714 Gyrue,
799 657 1059 707 inveneram,
1079 656 1122 697 in
1145 672 1275 698 unum
1295 671 1436 698 coram
1460 668 1607 698 sancto
1624 656 1734 697 illius

205 733 384 773 corpore
421 717 648 758 servituros
675 730 1006 772 congregarem3
1039 714 1138 771 quia
1164 715 1446 770 Episcopatus
1468 714 1649 769 parvitas
1681 714 1736 755 ad

204 776 288 817 tria
323 791 407 817 non
430 775 640 816 sufficeret
669 774 975 814 monachorum
1013 773 1220 816 coenobia.
1286 773 1421 826 Igitur
1436 772 1586 814 beatus
1620 771 1737 826 Papa

208 834 459 887 Gregorius,
485 831 703 874 ecclesiam
726 831 840 872 beati
864 831 1093 872 Cuthberti
1116 831 1192 872 sub
1213 830 1329 872 beati
1353 830 1471 871 Petri
1503 840 1547 871 et
1568 838 1737 884 aposto-

206 892 290 933 lica
326 891 594 946 protectione
625 889 872 944 suscipiens,
898 889 1195 943 Episcopalem
1220 888 1375 930 Sedem
1399 903 1484 930 una
1506 902 1601 929 cum
1622 887 1738 929 beati

214 949 443 991 Cuthberti
490 946 768 989 sacratissimo
790 962 983 1002 corpore,
1017 961 1113 988 cum
1147 946 1262 987 omni
1294 945 1421 1001 ipsius
1460 946 1738 1000 Episcopatus

207 1007 468 1063 integritate,
493 1014 535 1047 et
570 1015 821 1046 caeterarum
855 1005 1041 1045 omnium
1074 1003 1384 1059 possessionum
1407 1003 1619 1054 libertate,
1643 1017 1738 1058 per-

207 1065 348 1122 petuis
371 1064 630 1119 temporibus
652 1062 952 1103 inviolabiliter
975 1061 1213 1103 conservari
1230 1061 1448 1117 praecepit.
1509 1061 1737 1111 Videlicet,

209 1124 252 1165 in
275 1123 460 1165 ecclesiis
488 1120 818 1176 Hagustaldensi
840 1129 883 1162 et
909 1119 1259 1170 Lindisfarnensi,
1283 1120 1325 1160 in
1342 1119 1493 1175 quibus
1511 1119 1740 1175 antiquitus

210 1181 494 1237 Episcopatus
517 1178 734 1228 extiterat,
758 1193 854 1220 cum
878 1177 995 1218 omni
1016 1177 1216 1233 parochia
1237 1192 1332 1234 quae
1355 1185 1419 1219 est
1464 1177 1575 1219 inter
1614 1177 1655 1218 T
1656 1176 1740 1218 eise

213 1249 257 1281 et
279 1239 434 1279 flumen
452 1236 684 1279 Tweadam
704 1236 738 1286 ;†
765 1235 992 1286 Waltham,
1013 1251 1129 1286 vero,
1147 1251 1241 1276 cum
1264 1235 1457 1276 omnibus
1480 1236 1563 1276 suis
1581 1249 1741 1290 appen-

212 1296 362 1345 diciis3
397 1305 440 1337 et
474 1294 708 1345 Houeden,
732 1308 829 1335 cum
862 1293 1009 1335 ceteris
1042 1294 1235 1335 omnibus
1259 1293 1459 1348 Episcopi
1479 1292 1677 1334 maneriis
1699 1301 1742 1333 et

213 1356 334 1397 terris
357 1354 446 1395 aliis
469 1353 663 1395 omnibus
686 1352 772 1394 sive
794 1351 1029 1394 redditibus
1051 1362 1196 1393 sancto
1222 1351 1462 1394 Cuthberto
1485 1360 1528 1393 et
1548 1350 1742 1393 omnibus

213 1411 524 1454 successoribus
557 1411 688 1467 ipsius
728 1411 950 1466 Episcopis
984 1409 1238 1451 auctoritate
1260 1409 1497 1466 apostolica
1518 1408 1740 1459 concessit,

214 1481 260 1513 et
281 1470 525 1511 roborando
547 1468 740 1512 munivit.
808 1468 858 1509 In
880 1467 1031 1524 quibus
1050 1467 1247 1509 omnibus
1269 1475 1438 1509 sanctus
1462 1467 1740 1516 Cuthbertus‚

214 1539 258 1571 et
279 1529 368 1583 ejus
393 1527 641 1583 Episcopus,
665 1541 812 1568 omnes
835 1525 1063 1582 dignitates
1085 1534 1128 1567 et
1150 1526 1381 1576 libertates,
1406 1540 1502 1581 quae
1534 1526 1588 1567 ad
1614 1524 1745 1582 Regis

214 1601 415 1629 coronam
430 1586 660 1641 pertinent,
676 1586 729 1626 ab
747 1584 860 1626 omni
878 1584 1053 1626 servicio
1068 1594 1110 1625 et
1125 1583 1416 1640 inquietudine
1435 1583 1744 1639 imperpetuum

212 1645 383 1694 liberas,
407 1645 601 1694 munitas,
625 1652 668 1685 et
704 1644 881 1699 quietaS,
915 1657 1013 1683 cum
1035 1642 1231 1683 omnibus
1254 1642 1413 1683 eisdem
1435 1641 1745 1697 pertinentibus

214 1703 470 1759 possideret.
561 1703 631 1744 Ex
674 1710 817 1742 nostra
858 1710 1061 1741 caeterum
1102 1700 1330 1755 peticione,
1375 1709 1418 1741 et
1457 1698 1743 1748 concessione,

216 1776 365 1802 omnes
388 1760 572 1810 Priores,
591 1775 677 1801 una
697 1774 791 1800 cum
813 1758 1013 1799 fratribus
1036 1758 1186 1799 ceteris
1209 1758 1484 1813 imposterum
1507 1757 1548 1798 in
1570 1755 1747 1798 ecclesia

214 1819 332 1861 beati
366 1817 592 1860 Cuthberti
626 1817 793 1866 futuris,
827 1817 905 1857 sub
939 1832 1068 1857 manu
1101 1832 1188 1866 sua,
1212 1817 1467 1857 auctoritate
1497 1814 1744 1871 apostolica,

216 1876 430 1930 suscepit3
462 1884 504 1916 et
529 1875 745 1916 Prioribus
776 1874 920 1915 sedem
949 1874 1126 1914 Abbatis
1158 1875 1201 1914 in
1233 1874 1364 1914 choro
1385 1873 1554 1914 sinistro
1576 1887 1749 1914 conces-

218 1934 301 1974 sit:
334 1933 545 1989 quatinuS,
582 1932 802 1986 Episcopis
839 1932 1094 1980 absentibus,
1127 1932 1204 1986 ipsi
1237 1931 1402 1987 synoda
1441 1931 1670 1980 celebrent,
1705 1938 1747 1972 et

219 2000 366 2033 cetera
396 1990 537 2031 onmia
561 1989 891 2031 Christianitatis
927 1989 1065 2030 officia
1091 1989 1357 2043 persolvant3
1389 1996 1432 2030 et
1455 2004 1600 2030 omnes
1621 1988 1747 2030 liber-

221 2058 343 2097 tateS,
379 2048 622 2102 dignitates,
661 2056 909 2102 potestateS‚
948 2056 988 2087 et
1024 2046 1222 2097 honores,
1248 2062 1351 2103 quas
1388 2047 1555 2088 Decani
1586 2046 1748 2088 Ebora--

219 2122 365 2148 censes
392 2108 470 2147 sub
504 2105 845 2160 Archiepiscopis
873 2105 1148 2155 obtinuerint,
1181 2105 1256 2160 ipsi
1278 2106 1356 2146 sub
1384 2104 1602 2160 Episcopis
1627 2105 1750 2146 Dun-

225 2164 483 2206 elmensibus
515 2164 667 2204 liberas
700 2172 741 2204 et
773 2163 936 2218 quietas
967 2172 1153 2206 teneant.
1219 2163 1429 2204 Ecclesias
1451 2172 1592 2204 autem
1625 2177 1748 2219 quas-

224 2237 406 2278 cunque,
443 2237 509 2262 me
557 2221 599 2261 in
647 2221 1002 2276 subsequentibus
1040 2221 1230 2262 donante
1268 2221 1335 2262 vel
1371 2221 1636 2277 adquirente,
1675 2235 1746 2261 seu

212 2280 388 2337 ,caeteris
406 2280 605 2321 fidelibus
622 2278 913 2333 largientibuS,
931 2279 1224 2335 adquisierint,
1240 2294 1333 2319 cum
1349 2278 1524 2320 ecclesia
1538 2278 1591 2320 de
1606 2278 1748 2334 Tyne-

221 2338 384 2388 mutha,
409 2353 534 2394 quam
562 2337 821 2378 Waltheofus
844 2338 998 2378 Comes
1019 2352 1112 2378 cuin
1135 2337 1359 2386 Morkaro,
1379 2337 1635 2378 consobrino
1656 2351 1746 2385 sue,

222 2395 283 2437 eis
314 2396 505 2445 dederat,
530 2395 570 2436 in
604 2410 679 2436 sua
712 2410 836 2436 manu
870 2407 911 2436 et
935 2395 1170 2436 donacione
1192 2395 1345 2435 liberas
1367 2395 1577 2444 habeant3
1608 2403 1652 2435 et
1673 2394 1749 2435 ho-

221 2454 353 2494 nestis
382 2454 542 2495 clericis
569 2453 846 2494 deservienda
878 2455 1174 2502 committant3
1208 2452 1279 2509 qui
1317 2452 1535 2507 Episcopis
1567 2453 1622 2494 de
1651 2466 1749 2493 cura

222 2512 459 2554 animarum
504 2521 686 2562 tantum,
728 2515 770 2552 in
809 2526 1060 2567 quacunque
1102 2511 1259 2552 diocesi
1293 2510 1460 2561 fuerint,
1499 2510 1747 2558 intendant;

751 2631 767 2647 *⁵
796 2628 1053 2661 ‘Viraiiniuthie
1069 2628 1102 2659 in
1122 2627 1238 2670 duppl.

268 2677 294 2713 ἦ·
323 2673 368 2705 Et
385 2674 524 2714 insuper
547 2682 625 2704 cum
643 2672 799 2705 Carleolo
825 2678 860 2705 et
884 2675 975 2705 omui
992 2674 1163 2714 provincia
1179 2673 1430 2714 circumjacenti
1447 2675 1481 2704 et
1500 2670 1699 2704 Tevitedale
1715 2673 1749 2702 et

224 2718 316 2750 omni
335 2719 471 2761 regione
487 2718 684 2760 pertinenti.
719 2718 804 2750 This
821 2717 932 2751 clause
950 2720 976 2750 is
994 2717 1143 2751 inserted
1162 2718 1240 2751 here
1257 2718 1290 2750 in
1309 2729 1326 2750 a
1344 2717 1513 2760 duplicate
1531 2717 1569 2750 of
1580 2716 1648 2750 this
1660 2719 1749 2750 char-

226 2768 289 2794 ter.
