1807 2962
176 100 278 148 CCXl
491 116 625 147 HIST.
654 115 892 147 DUNELM.
922 112 1226 145 SCRIPTORES
1252 113 1389 144 TREs.

175 224 316 267 dicere
348 223 490 273 vellet,
526 222 749 278 quominus
785 221 921 263 dictus
956 219 1087 260 frater
1123 218 1310 260 Thomas
1333 218 1386 260 ad
1407 232 1525 259 suam
1546 232 1702 275 purga-

175 284 338 324 cionem
370 282 623 337 procederet
652 280 903 328 faciendam,
936 277 1140 333 nulloque
1173 277 1385 330 objicente
1427 277 1491 317 vel
1532 288 1700 318 contra-

174 341 356 389 dicente,
390 341 527 394 ipsum
563 338 618 379 ad
653 337 893 393 hujusmodi
915 336 1214 390 purgacionem
1236 333 1478 375 admisimus
1500 332 1543 373 in
1563 334 1701 376 forma

168 400 292 456 juris,
311 397 388 438 sibi
404 397 445 437 in
468 395 631 450 scriptis
653 395 763 435 hunc
786 394 1006 435 articulum
1025 392 1266 433 recitantes.
1300 398 1328 418 ‘⁶
1342 392 1394 432 In
1413 391 1496 432 Dei
1510 391 1697 442 nomine,

175 459 330 499 Amen.
394 454 485 495 Nos
506 454 533 495 J
536 453 738 502 ohannes,
766 452 886 492 Prior
907 449 1098 491 ecclesiae
1118 448 1368 490 cathedralis
1385 449 1700 500 Dunelmensis,

171 515 250 556 tibi
266 513 386 555 fratri
411 512 591 553 Thomae
617 509 827 559 Neesbitt,
850 510 957 549 sicut
979 508 1080 549 alias
1099 507 1330 562 objecimus
1348 515 1389 548 et
1406 506 1698 562 opposuimus,

171 573 232 614 ita
253 585 365 612 nunc
387 569 464 611 tibi
485 567 705 623 objicimus
728 576 770 608 et
792 565 1056 621 opponimUS,
1089 565 1203 621 quod
1236 573 1281 605 tu
1315 564 1629 605 incontinenter
1656 574 1699 606 et

174 628 398 672 carnaliter
441 625 678 684 cognovisti
721 624 911 667 Sibillam
955 638 1133 664 uxorem
1173 623 1382 664 ,Iohannis
1425 621 1697 678 Adyngham,

174 702 310 742 nuper
326 686 367 726 in
393 685 529 726 Ballio
553 682 832 724 Dunelmensi
849 681 1223 722 commorantem.’⁷
1281 680 1421 727 Quem
1443 680 1614 734 quidem
1636 695 1703 721 ar-

172 745 348 788 ticulum
369 743 484 784 idem
514 742 643 782 frater
672 741 877 789 Thomas,
901 748 948 780 ut
970 747 1108 787 antea,
1132 746 1375 779 constanter
1409 739 1579 790 negavit
1598 752 1608 785 3
1640 747 1698 788 et,

173 803 294 846 tactis
315 815 391 857 per
426 802 562 855 ipsum
597 798 870 840 sacrosanctis
903 796 1145 852 evangeliis,
1177 811 1220 836 se
1242 795 1399 835 dictam
1423 794 1616 836 sibillam
1637 795 1701 835 in-

173 861 440 904 continenter
475 858 541 898 vel
569 855 793 897 carnaliter
829 869 1044 910 nunquam
1081 853 1347 909 cognovisse,
1383 867 1460 893 nec
1492 867 1536 893 se
1572 868 1702 907 super

135 966 141 968 ³
174 921 289 960 dicta
318 915 489 958 infamia
520 914 563 954 in
604 913 746 969 aliquo
782 912 1037 967 culpabilem
1078 926 1168 952 esse
1207 911 1274 951 vel
1306 925 1440 951 reum.
1502 911 1568 950 Ac
1599 920 1699 952 tunc

171 976 274 1019 dicti
304 982 552 1030 purgatores
593 972 715 1012 tactis
757 985 831 1025 per
871 971 982 1024 ipsos
1033 969 1310 1009 sacrosanctis
1350 968 1577 1021 evangeliis
1616 969 1700 1008 sin-

172 1033 348 1088 gillatim
386 1033 638 1086 juraverunt
681 1044 724 1069 se
767 1028 945 1068 firmiter
976 1026 1065 1067 sine
1097 1025 1355 1066 hesitacione
1386 1026 1560 1066 credere
1611 1026 1699 1067 dic-

172 1103 263 1134 tum
298 1091 471 1131 fratrem
511 1088 722 1128 Thomam
762 1086 960 1126 Neesbitt
993 1099 1138 1124 verum
1170 1083 1349 1137 jurasse.
1430 1082 1607 1123 Necnon
1641 1099 1698 1124 ex

171 1146 434 1192 habundanti
466 1147 596 1186 ceteri
627 1158 774 1184 omnes
806 1142 1038 1184 confratres
1061 1141 1192 1181 nostri
1218 1150 1261 1182 et
1282 1140 1574 1181 commonachi
1596 1149 1697 1182 tunc

169 1208 329 1249 ibidem
364 1212 610 1260 praesentes,
650 1201 691 1241 in
726 1215 900 1242 numero
937 1199 1110 1256 triginta
1140 1209 1182 1240 et
1211 1209 1321 1248 octO,
1345 1199 1424 1239 hoc
1448 1199 1562 1238 idem
1581 1199 1698 1254 quod

171 1265 274 1307 dicti
307 1270 655 1316 compurgatores
678 1259 828 1313 singuli
843 1259 1118 1312 juraverunt,
1142 1256 1291 1312 quibus
1313 1257 1370 1296 sic
1393 1256 1585 1311 peractis,
1610 1256 1698 1297 dic-

168 1334 259 1365 tum
275 1322 448 1362 fratrem
465 1319 677 1360 Thomam
697 1316 894 1357 Neesbitt.
912 1316 965 1357 ad
982 1330 1097 1356 suam
1116 1315 1401 1355 innocenciam
1421 1322 1464 1355 et
1481 1314 1697 1369 pristinam
1749 1338 1753 1339 ν

168 1383 326 1423 bonam
355 1379 508 1419 famam
532 1375 787 1417 restituimus
809 1389 885 1429 per
907 1375 1136 1415 decretum.
1203 1373 1266 1412 Ac
1291 1381 1388 1412 tunc
1411 1372 1546 1412 dictus
1569 1372 1697 1413 frater

170 1439 360 1480 Thomas
393 1436 514 1476 nobis
550 1433 763 1473 humiliter
799 1432 1065 1486 supplicavit,
1109 1439 1152 1471 et
1184 1430 1369 1470 notarios
1407 1430 1695 1484 infrascriptos

168 1508 269 1539 tunc
297 1502 526 1550 praesentes
548 1506 643 1531 cum
667 1490 872 1531 instancia
894 1488 1120 1545 requisivit,
1147 1497 1192 1528 ut
1215 1503 1339 1541 super
1359 1486 1584 1542 praemissis
1605 1487 1697 1528 lite·-

170 1570 236 1596 ras
258 1565 424 1594 nostras
447 1548 744 1592 testimoniales
767 1548 844 1588 sub
868 1549 1147 1588 instrumento
1170 1545 1340 1599 publico
1362 1545 1439 1585 sibi
1461 1544 1697 1587 concedere

168 1622 209 1654 et
243 1612 452 1652 conficere
487 1607 771 1661 dignaremur.
836 1605 885 1645 In
923 1618 1103 1660 quorum
1139 1603 1327 1644 omnium
1361 1613 1404 1644 et
1436 1603 1699 1657 singulorum

169 1669 457 1712 testimonium
476 1674 602 1721 atque
627 1664 756 1704 fidem
779 1673 1007 1717 praesentes
1030 1662 1171 1702 literas
1194 1662 1280 1701 sive
1304 1661 1518 1715 publicum
1544 1661 1697 1701 instru-

169 1736 361 1769 mentum
399 1724 523 1778 sigilli
557 1722 687 1763 nostri
721 1723 1013 1775 impressione,
1047 1735 1094 1761 ac
1134 1719 1315 1760 Thomae
1349 1719 1488 1772 Tang,
1518 1718 1697 1759 Roberti

176 1784 432 1837 Beerhalgh,
466 1780 670 1822 ¹Iohannis
707 1779 1008 1828 Ronkehorne,
1044 1787 1086 1819 et
1108 1777 1314 1818 ²lobannis
1340 1776 1594 1830 Beerhalgh,
1619 1792 1696 1817 no-

169 1844 372 1884 tariorum
396 1839 674 1894 publicorum,
698 1837 827 1893 signis
850 1845 891 1877 et
912 1834 1292 1890 subscripcionibus
1315 1834 1488 1875 fecimus
1510 1849 1697 1875 commu-

169 1901 263 1940 niri.
329 1899 438 1938 Acta
468 1905 564 1936 sunt
595 1895 702 1943 hzec,
740 1902 866 1948 prout
900 1893 1088 1947 superius
1122 1893 1362 1933 scribuntur
1384 1902 1426 1933 et
1447 1892 1692 1941 recitantur,

170 1956 309 2013 quoad
342 1956 466 1995 dictae
500 1951 766 2007 purgacionis
798 1950 1152 2004 receptacionem,
1177 1950 1254 1990 sub
1277 1965 1388 1990 anno
1411 1950 1463 1989 ab
1505 1949 1697 1990 incarna-

169 2016 290 2056 cione
334 2012 508 2052 Domini
549 2009 781 2050 secuudum
814 2023 983 2048 cursum
1020 2019 1063 2048 et
1100 2007 1467 2060 con'iputacionem
1505 2007 1695 2047 ecclesiae

172 2071 422 2125 Anglicanae
454 2067 675 2108 millesimo
707 2065 1121 2121 quadringentesimo
1145 2064 1355 2104 tricesimo
1374 2075 1538 2120 quarto,
1564 2064 1698 2105 indic-

171 2131 292 2171 cione
330 2126 462 2168 tercia
498 2125 674 2173 decima,
714 2125 986 2177 pontificatus
1018 2121 1264 2163 sanctissimi
1296 2122 1336 2161 in
1373 2122 1542 2163 Clu-{sto
1565 2122 1694 2176 patris

169 2196 211 2229 et
234 2185 394 2227 domini
416 2183 547 2224 nostri
563 2182 721 2222 domini
750 2181 927 2236 Eugenii
949 2180 1089 2221 divina
1108 2180 1378 2234 providencia
1405 2180 1533 2234 Papae
1556 2180 1694 2235 quarti

168 2259 279 2287 anno
302 2250 465 2298 quarto,
491 2239 641 2281 mensis
663 2240 850 2280 ,Ianuarii
873 2239 941 2280 die
965 2238 1158 2279 vicesimo
1180 2247 1345 2288 octavo,
1370 2238 1409 2278 in
1435 2238 1548 2278 dieta
1565 2240 1700 2278 domo*

171 2301 403 2356 Capitulari
453 2298 646 2339 ecclesiae
688 2297 952 2338 Cathedralis
1005 2295 1322 2338 Dunelmensis.
1409 2295 1693 2336 Praesentibus

168 2358 472 2402 venerabilibus
510 2365 553 2397 et
589 2355 781 2395 discretis
814 2354 910 2394 viris
942 2355 1115 2394 domino
1138 2353 1308 2394 Thema
1331 2354 1467 2409 Percy
1489 2353 1694 2394 canonico

170 2417 360 2459 ecclesiae
377 2414 614 2468 collegiatae
637 2413 690 2453 de
715 2413 961 2462 Soutliwell,
987 2411 1210 2452 Willielmo
1231 2412 1511 2452 Chaunceller
1532 2410 1694 2451 domini

171 2473 472 2518 Dunelmensis
525 2470 724 2526 Episcopi
765 2469 1028 2519 cancellario,
1067 2469 1270 2523 magistro
1310 2469 1530 2510 willelmo
1572 2469 1695 2509 Don-

170 2543 302 2575 castre
334 2531 494 2572 domini
525 2529 822 2570 Dunelmensis
858 2526 1045 2582 episcopi
1066 2526 1247 2576 officiali,
1273 2526 1474 2580 magistro
1495 2526 1692 2567 ,Iohanne

172 2590 388 2644 Burgham
427 2588 467 2628 in
500 2587 664 2640 legibus
697 2586 924 2627 bacallario
955 2601 1003 2626 ac
1034 2593 1200 2625 rectore
1233 2585 1420 2625 ecclesiae
1444 2584 1692 2638 parochialis

165 2650 303 2689 beatae
342 2646 493 2687 Mariae
532 2646 572 2684 in
617 2643 751 2685 Ballio
795 2643 978 2684 Australi
1015 2642 1310 2691 Dunelmensi,
1347 2641 1527 2682 dominis
1563 2642 1694 2683 Petro

174 2705 379 2760 Kirkeby,
418 2702 627 2743 Willelmo
667 2701 852 2751 Holilob,
877 2701 1070 2755 Johanne
1096 2700 1374 2754 Bynchestre,
1399 2700 1564 2740 Joanne
1589 2699 1691 2739 Per-

168 2764 329 2817 terkye,
363 2762 555 2803 Johannc
596 2759 756 2809 Elstob,
796 2758 1022 2813 Radulpho
1057 2757 1249 2812 Skipton,
1273 2757 1467 2799 ,Iohanne
1491 2755 1689 2811 Corbrig,
