1807 2962
174 101 339 150 CCCViil
493 117 626 149 IIIST.
655 113 888 149 DUNELM.
917 114 1222 148 SCRIPTORES
1247 117 1384 149 TRES.

170 224 299 265 hanni
341 224 572 266 Blakewell
615 223 836 279 capellano
877 222 952 263 xl³.
1031 223 1138 264 Item
1173 222 1361 265 Johanni
1405 222 1617 265 Lematon
1658 224 1703 268 F.

172 283 284 324 Item
310 283 547 325 willielmo
572 283 748 324 Louson
773 280 977 336 provisori
999 281 1053 322 de
1077 281 1191 322 Tese
1212 280 1283 325 ix¹.
1308 280 1413 336 xvj³.
1436 281 1541 336 viijd.
1597 282 1707 323 Item

172 340 347 381 domino
375 340 560 382 ,Iohanni
588 339 871 394 Wessyngton
894 353 1032 393 nuper
1055 338 1190 380 Priori
1213 338 1268 393 iiij
1298 338 1427 394 ²‘xiij¹.
1456 344 1542 381 xvs.
1558 339 1612 394 jd.
1636 339 1706 381 ob.

176 399 351 441 Summa
374 398 650 440 cc1111'0‘xu1.
673 402 765 438 v11³.
790 395 872 439 xxd]
898 397 979 438 ob>

1025 453 1082 494 Et
1113 468 1194 508 ego
1215 453 1432 495 ,lohannes
1466 454 1708 509 Berehalgh

965 511 1152 562 clericus,
1165 511 1466 552 Dunelmensis
1476 511 1707 564 dioceseos,

966 569 1159 624 publicus
1180 568 1501 610 auctoritatibus
1538 579 1709 626 aposto»

965 627 1046 668 lica
1067 637 1108 668 et
1140 626 1346 682 imperiali
1381 627 1585 678 notarius,
1610 628 1710 684 quia

964 684 1267 740 praedictorum
1290 684 1584 749 religiosorum
1612 701 1710 741 per-

964 757 1177 793 sonarum,
1220 751 1506 793 materiarum,
1548 758 1712 785 rerum-

965 816 1048 857 que
1098 810 1142 841 et
1187 800 1413 850 bonorum,
1456 800 1711 843 detrimenta

966 857 1211 900 reddituum
1242 867 1287 899 et
1317 857 1592 908 decimarum,
1621 858 1713 913 lap-

967 931 1061 957 sum
1103 923 1146 956 et
1193 915 1357 957 ruinam
1408 916 1712 967 maneriorum,

968 973 1264 1024 cancellarum,
1299 972 1640 1016 molendinorum
1670 984 1715 1016 et

968 1040 1324 1081 tenementorum,
1351 1045 1433 1073 una
1461 1048 1558 1074 cum
1593 1047 1717 1087 repa-

967 1089 1208 1131 racionibus
1268 1102 1312 1131 et
1366 1090 1716 1132 edificacionibus

968 1147 1217 1197 eorundem,
1241 1161 1289 1188 ac
1312 1147 1456 1189 debita
1486 1148 1529 1189 in
1560 1147 1714 1204 quibus

971 1214 1171 1247 tenentur
1220 1205 1468 1260 supradicti,
1517 1206 1716 1262 quaedam

970 1278 1047 1318 per
1063 1263 1325 1317 corporalem
1346 1263 1494 1314 visum,
1517 1264 1716 1320 quaedam

971 1336 1049 1377 per
1062 1320 1310 1363 indenturas
1327 1320 1371 1362 in
1386 1337 1436 1363 ea
1452 1331 1573 1377 parte
1587 1321 1718 1376 scrip-

973 1388 1050 1429 tas,
1104 1387 1148 1420 et
1199 1378 1296 1420 hinc
1347 1379 1445 1421 inde
1498 1379 1715 1434 sigillatas,

184 1442 381 1502 quaedam
432 1456 523 1498 per·
561 1438 818 1483 adminicula
868 1437 1187 1492 probacionum,
1225 1436 1424 1493 quaedam
1474 1437 1608 1479 eciam
1643 1451 1720 1492 per

179 1502 503 1546 raciociniorum
546 1500 633 1540 sive
675 1504 969 1551 compotorum
1010 1494 1299 1536 reddicionem
1340 1509 1415 1550 per
1455 1495 1569 1550 prius
1607 1526 1715 1537 ......

184 1576 297 1604 anuo
332 1558 507 1602 Domini
540 1556 763 1598 millesimo
787 1566 961 1595 cccch
983 1562 1122 1602 sexto,
1147 1552 1381 1594 indiccione
1400 1568 1525 1603 nona,
1548 1553 1720 1607 pontifi-

186 1629 306 1662 catus
343 1615 593 1659 sanctissimi
630 1614 674 1655 in
713 1613 885 1655 Christo
917 1610 1049 1666 patris
1083 1619 1125 1652 et
1158 1609 1319 1652 domini
1352 1610 1513 1652 domini
1536 1610 1721 1668 Eugenii

185 1678 331 1721 divina
352 1673 628 1731 providencia
651 1672 781 1725 Papae
804 1669 944 1726 quar-ti
964 1683 1078 1710 anno
1094 1669 1401 1719 sextodecimo,
1420 1669 1507 1711 fere
1523 1669 1720 1710 omnibus

186 1746 231 1778 et
260 1733 435 1790 singuiis
469 1732 620 1773 diebus
656 1728 812 1770 mensis
848 1726 956 1769 Juli-i.
981 1735 1024 1768 et
1060 1727 1259 1780 Augusti,
1295 1741 1380 1768 una
1415 1742 1511 1768 cum
1539 1726 1723 1767 dominis-

189 1795 360 1836 Thoma
401 1791 570 1845 Nesbyt
609 1786 788 1829 custode
830 1784 1094 1834 Infirmariae,
1130 1785 1325 1826 Johanne
1364 1785 1438 1827 ΟΠ
1477 1785 1625 1826 Priore
1666 1784 1724 1826 de

188 1849 505 1907 &oldyngham,
548 1846 748 1889 ,Iohanne
798 1842 1014 1885 Gatisside
1055 1842 1246 1893 terrario,
1290 1842 1516 1884 Willielmo
1559 1842 1722 1884 Dalton

188 1909 323 1952 tercio
366 1906 528 1954 Priore,
573 1901 799 1944 Willielmo
844 1900 966 1941 Eden
1006 1900 1212 1949 bursario,
1251 1900 1444 1941 Roberto
1482 1900 1727 1942 Westmer-

187 1966 317 2009 lande
348 1960 611 2011 cancellario,
640 1959 812 2001 'l'homa
836 1957 1108 2010 Thornburg,
1137 1957 1325 1998 Ricaido
1352 1957 1480 1999 More
1501 1968 1725 2013 carpenta-

190 2025 271 2074 rio,-
290 2021 431 2064 David
451 2018 627 2072 Wright
643 2016 923 2071 carpentario,
940 2014 966 2055 J
969 2014 1132 2056 ohanne
1160 2014 1347 2064 Knoute,
1369 2015 1540 2056 Thoma
1552 2016 1579 2057 J
1582 2030 1722 2066 aeson,

191 2082 401 2125 Johanne·
428 2076 719 2133 Raynaldson,
757 2073 954 2115 ‚Iohanne
991 2072 1195 2128 Davyson
1237 2074 1440 2128 carpent’,
1487 2073 1725 2115 Willielmo

192 2138 374 2182 Wodde
406 2134 685 2190 carpentario,
708 2130 898 2174 Johanni
918 2129 1076 2185 Jekyll,
1102 2129 1297 2171 Henrico
1323 2130 1492 2185 Rydell,
1516 2139 1616 2181 etc„
1641 2140 1726 2173 tes-

190 2199 304 2241 tibus
326 2196 367 2236 in
388 2192 626 2250 praemissis,
650 2189 805 2240 inveni,
829 2188 1014 2243 inspexi,
1039 2197 1082 2229 et
1102 2187 1213 2237 vidi3
1237 2187 1336 2229 ideo
1358 2188 1471 2229 hunc
1501 2188 1722 2239 Rotulum,

192 2257 314 2314 quasi
352 2250 644 2295 Inventarium
672 2261 965 2303 personarum,
989 2260 1145 2295 rerum,
1170 2246 1394 2296 bonorum,
1418 2255 1461 2288 et
1483 2246 1725 2288 debitorum

193 2311 437 2357 monasterii
471 2307 660 2350 ecclesiae
702 2303 1010 2347 Dunolmensis
1046 2303 1281 2359 praedictae,
1317 2319 1402 2345 una
1432 2319 1528 2345 cum
1559 2319 1729 2360 repara-

195 2372 388 2416 cionibus
421 2375 462 2410 et
494 2363 840 2408 edificacionibus
871 2361 1171 2412 maneriorum,
1202 2361 1497 2412 cancellarum,
1521 2363 1728 2404 molendi-

193 2443 361 2479 norum,
394 2434 438 2468 et
470 2432 807 2467 tenementorum
838 2420 974 2461 eidem
996 2419 1320 2474 pertinencium,
1345 2420 1629 2471 continenter,
1652 2435 1730 2476 per

197 2489 327 2532 alium
349 2483 519 2527 aliunde
541 2489 770 2536 occupatus
785 2477 910 2520 scribi
926 2477 1016 2527 feci,
1032 2477 1252 2528 summavi,
1272 2479 1480 2533 excerpsi,
1498 2478 1727 2532 publicavi,

199 2558 242 2589 et
275 2546 315 2586 in
337 2544 448 2585 hanc
469 2548 721 2596 praesentem
741 2538 920 2579 formam
941 2535 1101 2593 redegi,
1125 2550 1303 2591 meaque
1325 2535 1491 2590 signum
1515 2545 1557 2578 et
1572 2551 1728 2577 nomen

198 2605 243 2646 in
274 2617 351 2645 sex
381 2598 705 2642 consuiconibus
736 2595 860 2652 hujus
880 2593 1022 2644 rotuli,
1046 2602 1089 2634 et
1109 2592 1177 2634 hic
1199 2593 1240 2634 in
1264 2593 1364 2644 fine,
1389 2593 1579 2648 apposui,
1603 2609 1731 2652 roga-

200 2671 267 2705 tus
288 2670 330 2703 et
346 2657 584 2716 requisitus,
602 2655 644 2697 in
661 2654 791 2697 fidem
812 2661 855 2696 et
877 2652 1162 2695 testi-monium
1185 2651 1512 2708 praemissorum.
