1807 2962
446 140 714 173 RoBEnTth
751 134 818 171 DE
856 139 1198 171 GRAYSTANES.
1526 129 1592 181 97

0 251 26 314 [
62 243 193 287 sancti
224 244 434 286 Swithuni
475 245 672 300 proximo
713 255 933 303 sequente,
976 245 1136 287 scilicet
1178 245 1271 286 idus
1312 245 1340 287 J
1345 244 1429 293 ulii,
1468 252 1589 287 tanta

62 302 256 344 videlicet
286 318 491 359 aquarum
513 304 773 354 inundantia,
797 305 912 361 quod
934 303 1051 345 fluvii
1073 303 1275 345 terminos
1298 303 1442 344 solitos
1465 302 1590 343 mira-

59 359 201 402 biliter
236 371 522 411 excesserunt,
565 360 709 418 fruges
751 371 793 403 et
835 361 985 403 herbas
1025 361 1240 416 proximas
1277 361 1585 409 demerserunt,

60 417 309 461 molendina·
336 427 379 460 et
410 427 559 476 stagna
589 428 873 474 asportarunt,
907 428 950 460 et
981 419 1139 460 domus¹
1169 419 1327 460 vicinas
1363 425 1590 459 noctanter

60 475 347 532 ingredientes
381 476 617 526 diruerunt,
658 485 700 518 et
733 476 840 517 viros
863 485 905 518 et
926 476 1137 527 mulieres,
1161 491 1257 517 cum
1280 475 1465 531 parvulis
1489 475 1589 516 sub-

59 544 307 576 merserunt.
369 534 554 575 Tantam
593 533 914 575 inundationem
940 534 1078 575 nullus
1112 544 1211 575 tunc
1233 542 1445 589 superstes
1467 547 1586 574 reco-

59 590 149 640 luit,
182 606 262 632 nec
296 600 455 634 tantam
478 591 690 633 caristiam
712 602 871 647 quanta
891 600 955 633 est
976 607 1070 633 eam
1091 591 1299 648 insequta,
1323 606 1403 632 nec
1425 599 1588 632 tantam

57 649 349 704 pestilenciam
393 650 537 690 boum.
619 648 897 691 Vendebatur
941 649 1203 706 quarterium
1253 649 1454 690 frumenti
1504 662 1586 702 pro

58 706 340 762 quadraginta
375 706 534 757 solidis,
569 714 611 748 et
643 721 734 762 prae
764 707 1057 761 magnitudine
1088 707 1222 757 famis,
1247 706 1403 748 mortui
1421 714 1519 746 sunt
1541 705 1586 746 in

59 764 231 819 campis,
265 765 354 815 viis,
388 774 431 806 et
451 763 621 814 semitis,
644 765 686 804 in
712 764 963 815 civitatibus,
987 773 1030 806 et
1052 772 1188 814 extra,
1214 773 1276 805 tot
1298 763 1428 804 millia
1449 763 1587 803 homi'-

57 835 173 872 num,
208 823 325 878 quod
361 824 433 863 vix
469 830 558 864 erat
594 822 667 877 qui
703 822 915 877 sepeliret.
991 823 1044 863 In
1081 822 1253 863 civitate
1291 820 1585 863 Londoniensi

57 880 375 922 aestimabantur
393 879 541 934 viginti
563 880 694 921 millia
714 880 933 921 hominum
956 880 1114 921 mortui
1135 888 1309 934 propter
1329 879 1487 920 famem
1508 877 1583 918 illo

57 952 183 979 anno.
240 937 344 979 Erat
365 953 467 994 ergo
490 937 566 979 iste
588 939 785 979 omnibus
807 938 955 979 diebus
977 939 1187 992 prioratus
1210 937 1275 978 sui
1292 936 1446 978 talibus
1463 935 1585 977 malis

56 994 283 1049 fatigatus;
306 995 688 1037 contributionibus
710 995 852 1046 etiam,
877 1005 920 1037 et
937 995 1109 1037 decimis
1129 995 1350 1050 papalibus
1367 1002 1583 1042 oneratuS,

57 1052 173 1108 quod
204 1052 284 1093 nisi
315 1053 461 1094 fuisset
491 1053 656 1103 fortior,
689 1054 732 1094 in
755 1069 808 1095 eo
829 1053 999 1108 spiritus
1022 1053 1260 1094 defecisset.
1325 1050 1587 1109 Aggravavit

52 1111 205 1165 jugum
228 1111 263 1166 ej
273 1127 317 1151 us
340 1126 450 1151 mors
472 1110 623 1152 festina
646 1111 861 1166 Episcopi,
889 1111 941 1152 R.
961 1111 1014 1153 de
1041 1111 1219 1161 KellaW,
1245 1119 1287 1153 et
1308 1109 1463 1152 electio
1485 1109 1583 1150 sub-

58 1177 220 1224 sequta,
245 1169 298 1210 de
321 1168 471 1225 quibus
488 1177 552 1210 est
572 1169 839 1219 dicendum]

667 1444 765 1473 CAP.
797 1446 971 1474 XXXVII.

549 1538 647 1579 [Ms.
675 1539 760 1583 Cap.
777 1550 889 1572 CLxx.
912 1540 969 1573 fol.
990 1541 1084 1582 210]

112 1634 239 1676 Anno
279 1631 458 1674 Domini
500 1644 623 1673 mccc
646 1632 956 1683 sextodecimo,
1001 1633 1044 1673 in
1076 1632 1185 1674 festo
1217 1633 1351 1674 sancti
1375 1631 1580 1681 Dionisii,

52 1692 234 1733 moritur
260 1690 466 1731 Ricardus
489 1690 727 1744 episcopus,
751 1690 865 1744 apud
899 1690 1164 1732 Middelham
1184 1706 1194 1739 3
1227 1689 1299 1746 qui
1329 1689 1442 1744 prius
1465 1689 1582 1731 illam

52 1749 271 1804 pulchram
292 1762 502 1789 cameram
524 1747 578 1788 de
603 1747 826 1797 Stockton,
849 1757 893 1789 et
915 1748 1148 1789 manerium
1172 1748 1226 1789 de
1254 1747 1443 1788 Wellhall
1454 1749 1584 1801 juxta.

54 1806 295 1849 Eboracum
318 1805 373 1846 ad
388 1804 604 1846 sexdecim
625 1804 819 1845 milliaria
831 1804 1131 1847 aedificaverat.
1167 1806 1432 1860 Frequenter
1453 1804 1582 1845 etiam

52 1863 96 1904 in
128 1864 215 1905 vita
247 1878 323 1904 sua
356 1862 625 1918 promiserat,
664 1862 778 1917 quod
818 1862 1046 1904 conventui
1094 1862 1159 1915 [in
1192 1863 1301 1914 fine]
1323 1862 1582 1917 relinqueret

52 1922 256 1976 capellam
278 1935 410 1969 suam,
433 1919 647 1960 librariam
679 1929 722 1960 et
753 1933 852 1961 vasa
882 1928 1099 1977 argentea.
1163 1920 1249 1961 Sed
1282 1919 1389 1960 tales
1412 1919 1582 1975 reliquit

52 1987 319 2028 executores,
339 1977 583 2018 infirmitate
603 1986 938 2032 pi'aeoccupatuS,
961 1977 1034 2033 qui
1056 1978 1109 2018 de
1126 1976 1337 2032 praedictis
1364 1976 1576 2032 [omnino]

51 2036 173 2078 aliter
193 2036 460 2077 ordinabant.
521 2034 738 2085 [Dederat
769 2034 883 2076 enim
914 2035 986 2075 uni
1007 2035 1325 2088 consanguineo
1346 2049 1423 2074 suo
1445 2034 1581 2075 eccle-

51 2093 156 2134 siam
177 2094 230 2135 de
254 2092 498 2148 Seggefeld,
522 2100 564 2132 et
587 2092 686 2146 ipse,
702 2093 853 2133 timens
871 2092 1026 2147 privari
1041 2108 1105 2142 ea,
1128 2092 1230 2133 fecit
1246 2092 1325 2133 sibi
1345 2091 1502 2133 amicos
1524 2091 1579 2132 de

53 2151 174 2205 Rege
211 2159 254 2192 et
289 2150 388 2200 suis,
412 2150 465 2191 de
495 2149 748 2191 succedente
788 2149 1002 2204 Episcopo
1032 2158 1077 2191 et
1098 2150 1197 2200 suis,
1221 2164 1318 2191 cum
1339 2163 1581 2190 mammona

49 2208 282 2265 iniquitatis
319 2210 373 2249 de
405 2206 527 2248 bonis
555 2206 760 2257 defuncti,
783 2222 861 2248 nec
892 2207 1173 2248 creditoribus
1194 2209 1283 2262 ejus
1304 2206 1577 2255 satisfaciens,

50 2282 128 2309 nec
150 2266 253 2308 aliis.
301 2265 554 2320 Episcopus,
578 2266 707 2315 enim,
727 2264 970 2306 infirmitate
987 2273 1319 2319 praeoceupatuS,
1336 2272 1470 2304 totam
1492 2262 1578 2303 dis-

49 2325 303 2380 positionem
324 2337 463 2364 rerum
484 2336 652 2363 suarum
683 2331 725 2363 et
756 2322 817 2363 illi
846 2322 1162 2376 consanguineo
1183 2336 1259 2362 suo
1281 2329 1325 2362 et
1347 2320 1437 2361 aliis
1458 2334 1575 2359 com-

49 2380 288 2424 mittebat*
372 2380 470 2433 Ipso
507 2379 724 2434 Episcopo
756 2379 815 2420 sic
846 2389 1030 2429 mortuo,
1053 2379 1096 2420 in
1119 2393 1272 2419 aurora
1291 2377 1376 2418 diei
1404 2377 1579 2432 quidam

49 2439 180 2480 frater
199 2439 325 2479 bonae
345 2435 575 2492 religioniS,
607 2436 849 2477 Willielmus
875 2436 1027 2485 senior,
1051 2436 1104 2476 de
1128 2436 1369 2477 Giseburne
1391 2433 1576 2483 nomine,

49 2496 253 2551 fatigatus
289 2508 344 2535 ex
380 2493 526 2533 dolore
559 2500 603 2533 et
634 2493 777 2547 vigilia
797 2495 909 2534 circa
931 2493 1204 2547 Episcopum,
1227 2491 1304 2533 ivit
1324 2491 1378 2531 ad
1399 2505 1578 2545 pausan-

50 2554 167 2604 dum,
200 2562 263 2603 ut,
288 2550 456 2592 modico
478 2557 654 2604 accepto
675 2565 864 2604 sompno,
888 2564 967 2604 pro
998 2549 1200 2590 defuncto
1221 2559 1370 2603 postea
1390 2548 1578 2589 celebra-

49 2619 115 2653 ret
137 2627 148 2660 3
181 2620 225 2652 et
254 2609 399 2650 statim
430 2606 654 2648 videbatur
675 2607 728 2658 ei,
751 2607 868 2664 quod
891 2605 1126 2662 Episcopus
1147 2606 1228 2648 fuit
1249 2605 1367 2662 quasi
1388 2606 1431 2646 in
1452 2605 1579 2646 mori-

97 2729 118 2802 ἶ
139 2727 210 2760 For
226 2725 284 2759 the
301 2725 388 2760 Will
411 2724 451 2759 of
467 2725 596 2767 Bishop
613 2722 780 2764 Kellawe,
803 2734 858 2756 see
874 2724 1143 2757 TESTAMENTA
1159 2722 1427 2756 EBORACENSIA
1441 2732 1451 2761 ;
1468 2719 1534 2754 No.
1550 2720 1581 2753 Ι.

52 2780 83 2813 p.
123 2793 132 2803 .

800 2841 827 2867 G
