1807 2962
470 83 735 117 ROBERTUS
762 84 828 116 DE
857 86 1203 118 GRAYSTANES.
1538 82 1604 133 79

13 190 39 253 [
78 191 306 246 impleatur
335 191 380 232 in·
410 191 482 231 illo
515 190 556 231 id
595 191 750 233 Psalmi
774 192 1034 235 “Percussit
1073 209 1172 235 eum
1211 193 1253 234 in
1286 197 1605 249 posterioribus,

78 250 355 305 obprobrium
378 248 681 304 sempiternum
705 251 824 291 dedit
846 252 947 301 ei.'']
1031 252 1220 293 Veniens
1248 251 1375 307 igitur
1402 254 1608 298 Ricardus

77 308 130 349 ad
162 309 337 358 curiam,
371 307 470 348 satis
503 307 760 350 favorabiles
792 308 870 350 sibi
894 309 1052 351 invenit
1085 311 1246 365 Papam
1269 319 1311 352 et
1342 312 1605 357 CardinaleS.

82 366 187 408 Erat
209 366 321 409 enim
344 366 472 407 homo
493 366 603 407 bene
626 366 831 417 literatus,
856 367 1057 424 eloquens
1079 377 1123 409 et
1145 378 1407 423 personatus.
1476 372 1609 428 [Cum

78 424 207 479 igitur
240 425 514 466 conduxisset
551 424 821 474 advocatum,
857 425 928 481 qui
962 426 1135 483 negotia
1171 427 1262 481 ejus
1294 427 1335 468 in
1358 428 1609 471 consistorio

76 492 353 539 proponeret,
389 481 548 524 direxit
571 483 624 523 ad
647 498 742 524 eum
768 483 887 537 Papa
907 499 1163 535 sermonem,
1188 485 1355 535 dicens3
1392 492 1421 513 ‘⁶
1442 487 1535 537 Fili,
1562 497 1609 529 tu

77 541 190 582 nosti
228 542 402 590 sactum,
440 549 483 581 tu
523 540 676 581 diees.’'
742 541 796 582 Et
820 541 924 596 ipse,
955 551 1134 598 accepto
1166 558 1375 594 sermone,
1409 560 1608 600 perorare

77 600 220 655 coepit,
254 614 339 640 non
376 598 464 639 sine
498 598 779 653 lacrymarum
816 599 1037 652 effusione,
1080 601 1252 655 injurias
1286 612 1328 643 et
1363 603 1608 659 gravamina

76 657 192 699 illata
214 673 290 713 per
318 656 572 711 Episcopum
590 656 667 697 sibi
689 666 732 698 et
754 659 997 708 conventui,
1022 668 1062 700 et
1085 674 1210 714 super
1231 660 1411 715 rogabat
1433 661 1511 702 sibi
1533 677 1609 717 per

80 716 240 771 Papam
264 715 497 757 remedium
521 715 744 769 provideri.
810 715 878 758 Sic
901 726 1043 758 autem
1066 717 1295 773 peroravit,
1321 719 1437 774 quod
1459 735 1607 761 omnes

76 774 119 815 in
154 772 488 829 compassionem
510 773 588 814 sibi
610 773 826 815 excitavit.
887 775 1082 831 Cumque
1103 775 1361 830 allegaretur
1382 792 1460 832 pro
1484 777 1609 834 Epis-

76 847 198 887 copo,
223 832 338 888 quod
362 831 449 886 ipse
471 830 674 885 prioratui
696 840 848 886 sponte
869 833 1206 884 renunciaverat,
1230 835 1449 891 respondit
1474 836 1606 892 Papa,

76 891 192 946 quod
224 891 362 932 nullus
385 890 613 944 prioratum
636 905 868 944 agnoscens
889 892 1157 933 renunciaret
1176 893 1322 947 gratis.
1375 893 1608 942 Quaerente

77 948 204 990 etiam
240 949 373 1003 Papa,
413 962 496 1003 qua
527 949 782 990 auctoritate
823 949 1059 1006 Episcopus
1086 950 1141 991 H.
1175 951 1229 992 de
1254 951 1433 1009 Luceby
1453 954 1607 1008 praefe-

77 1006 217 1057 cisset,
252 1005 694 1062 respondentibusque
726 1007 1047 1063 episcopalibus,
1072 1009 1186 1065 quod
1214 1024 1292 1064 per
1312 1010 1477 1065 lapsum
1500 1020 1606 1053 tem-

77 1065 205 1120 poris„
240 1064 472 1106 secundum
505 1073 665 1105 statuta
695 1064 994 1107 Lateranensis
1019 1067 1198 1109 Concilii
1232 1067 1285 1109 de
1323 1068 1528 1111 electione
1560 1079 1605 1111 et

76 1123 203 1164 electi
225 1131 448 1178 potestate,
484 1122 547 1163 Ne
561 1137 642 1175 pro
662 1125 827 1175 deflectu,
851 1133 908 1174 et,
935 1125 1112 1166 Cavetur
1127 1129 1235 1179 quod
1248 1128 1434 1169 Ecclesia
1459 1130 1605 1170 Cathe-

76 1184 209 1224 dralis
241 1183 304 1223 vel
333 1183 536 1234 rcyularis
569 1196 650 1222 non
681 1183 793 1223 dehet
821 1197 962 1224 carere
984 1185 1163 1236 prcelato
1195 1186 1305 1226 ultra
1325 1192 1404 1227 tres
1433 1201 1601 1237 menses,

77 1239 301 1294 respondit
335 1239 466 1293 Papa,
499 1239 614 1294 quod
639 1254 721 1279 una
743 1239 920 1282 ecclesia
942 1255 1025 1282 non
1048 1241 1179 1282 habet
1199 1242 1277 1282 nisi
1302 1258 1429 1283 unum
1454 1245 1603 1299 praela-

76 1307 169 1339 tum
201 1308 243 1339 et
275 1311 404 1338 unum
436 1312 649 1352 sponsum,
684 1307 726 1338 et
754 1297 796 1338 in
824 1299 1001 1340 ecclesia
1033 1299 1265 1344 cathedrali
1287 1310 1351 1342 est
1372 1301 1604 1358 Episcopus

76 1371 251 1411 sponsus
273 1364 315 1397 et
336 1355 550 1410 praelatus.
606 1355 674 1396 Sic
697 1355 827 1412 igitur
848 1357 1002 1398 edocto
1024 1373 1165 1398 coram
1192 1359 1308 1413 Papa
1324 1361 1356 1409 3]
1380 1361 1496 1415 quod
1518 1377 1604 1402 nou

77 1423 196 1456 erant
228 1429 305 1455 sex
341 1428 504 1454 menses
536 1413 668 1468 elapsi
689 1428 714 1454 a
736 1413 971 1468 privatione
1002 1415 1174 1457 Ricardi
1197 1432 1328 1473 usque
1350 1418 1404 1459 ad
1425 1419 1604 1474 praefec-

77 1473 233 1514 tionem
270 1471 347 1520 H„
375 1471 694 1526 praelectionem
717 1472 895 1514 cassavit
919 1480 978 1528 [et
1002 1474 1289 1529 privacionem
1310 1477 1537 1526 revocavit,
1562 1486 1605 1519 et

76 1531 134 1572 sic
152 1531 347 1573 Priorem
366 1529 597 1571 Ricardum
616 1530 800 1572 restituit
818 1540 859 1572 et
880 1531 942 1574 H.
962 1533 1163 1586 cassavit]
1185 1547 1236 1574 111
1251 1533 1332 1575 kal.
1355 1534 1605 1577 Decembris

76 1605 189 1631 anno
201 1588 374 1630 Domini
385 1602 541 1629 MCCCI.
577 1587 646 1629 Sic
662 1599 801 1630 tamen
817 1589 932 1645 quod
949 1590 981 1630 si
993 1591 1225 1646 Episcopus
1240 1592 1365 1634 vellet
1379 1594 1603 1649 praefatam

75 1647 357 1704 privationem
381 1646 628 1696 defendere,
647 1656 693 1687 ut
712 1646 865 1689 factam
882 1648 1079 1702 legitime,
1099 1649 1160 1705 [in
1184 1650 1383 1704 petitorio
1398 1652 1603 1706 judicio],

76 1716 225 1747 con-tra
257 1704 488 1746 Ricardum
520 1715 815 1760 prosequatur,
840 1716 1064 1762 postquam
1085 1707 1283 1749 inductus
1305 1708 1490 1751 fueritin
1512 1726 1606 1752 cor-

75 1764 267 1819 poralem
296 1762 618 1818 possessionem.
686 1763 829 1818 Hujus
864 1765 1141 1806 restitutionis
1178 1767 1375 1809 executio
1407 1769 1518 1810 facta
1541 1779 1605 1810 est

76 1822 119 1862 in
140 1823 258 1863 curia
281 1821 489 1870 Romana,
518 1835 584 1861 ΧΠ
617 1820 685 1862 die
716 1821 948 1872 Februarii,
972 1823 1124 1864 eodem
1148 1838 1273 1875 anno,
1299 1834 1341 1866 et
1362 1827 1405 1867 in
1426 1827 1605 1869 ecclesia

77 1880 358 1922 Dunelmensi
399 1879 563 1920 decima
602 1879 670 1920 die
711 1880 868 1922 mensis
911 1881 1068 1936 Aprilis
1102 1882 1312 1933 exeuntis,
1366 1887 1465 1926 anni
1507 1895 1601 1936 etc.,

77 1938 282 1979 ΜΟΟΟΙΙ.ἦε
351 1936 449 1985 Quo
481 1952 608 1988 anno,
644 1952 740 1978 cum
773 1940 815 1978 in
853 1954 975 1981 coena
1008 1940 1184 1981 Domini
1209 1943 1373 1984 veniret
1395 1943 1604 1985 Ricardus

77 1997 131 2038 de
169 1996 335 2038 Kellow
366 2010 461 2036 cum
494 2010 716 2051 processus
738 1996 874 2052 copia,
898 1998 1101 2039 admissus
1121 2007 1183 2039 est
1204 1999 1387 2055 benigne
1410 2017 1434 2043 a
1456 2002 1605 2058 majori

76 2064 198 2110 parte
244 2065 493 2104 conventus,
542 2063 586 2095 et
629 2054 669 2094 in
706 2055 969 2110 suppriorem
1010 2056 1227 2098 admissus.
1303 2059 1366 2100 H.
1408 2075 1509 2102 vero
1551 2062 1605 2102 de

79 2113 271 2169 Luceby,
296 2121 397 2153 tunc
431 2127 642 2154 cameram
677 2113 835 2154 Prioris
858 2129 1083 2170 occupans,
1108 2130 1205 2156 cum
1242 2117 1498 2172 quibusdam
1532 2120 1606 2160 ad-

76 2171 334 2213 haerentibus
368 2170 459 2220 sibi,
484 2170 654 2225 collegit
692 2172 808 2227 quod
842 2181 1022 2227 poterat,
1046 2174 1100 2214 de
1119 2174 1208 2215 cifis
1229 2174 1360 2229 pedes
1382 2186 1606 2232 argenteos

77 2230 313 2279 evellendo,
337 2238 381 2270 et
403 2229 505 2270 cifos
527 2238 752 2286 argenteos
775 2239 816 2271 et
834 2231 1042 2273 coclearia
1063 2233 1389 2289 congregando,
1412 2236 1486 2276 sed
1509 2251 1607 2277 cum

76 2289 133 2329 ad
168 2297 335 2343 portam
370 2291 486 2338 [cum
524 2302 672 2328 eorum
705 2287 934 2342 herneciis]
968 2304 1053 2330 non
1087 2298 1207 2330 erant
1240 2291 1359 2333 exire
1390 2294 1602 2347 permissi,

76 2345 294 2388 monachis
335 2345 493 2386 ibidem
535 2345 592 2386 eis
641 2345 949 2397 resistentibus,
990 2362 1069 2402 per
1109 2347 1335 2402 gardinum
1375 2365 1607 2405 porcorum

76 2404 191 2445 ultra
212 2417 351 2444 muros
375 2403 483 2444 villae
501 2402 642 2459 aliqua
662 2406 947 2460 projecerunt,
972 2415 1013 2446 et
1035 2405 1092 2446 sic.
1110 2416 1390 2458 recesserunt,
1416 2419 1459 2449 et
1483 2409 1605 2464 Epis-

77 2476 233 2517 copum
255 2461 463 2503 adierunt.

141 2519 398 2574 Episcopum
439 2533 555 2569 ver0,
599 2520 697 2574 quia
732 2528 906 2561 vocatus
941 2520 995 2561 ad
1033 2519 1193 2561 curiam
1230 2536 1316 2563 non
1357 2537 1604 2579 comparere

77 2578 221 2627 voluit,
259 2578 375 2631 Papa
397 2585 689 2618 contumacem
712 2577 1018 2632 pronuntiavit,
1042 2593 1067 2618 a
1088 2580 1335 2633 pontificatu
1359 2583 1605 2637 suspendit3

78 2646 120 2678 et
141 2638 292 2678 iterato
323 2634 482 2685 citavit,
509 2645 553 2675 ut
577 2634 682 2677 infra
706 2650 746 2676 vl
771 2651 948 2687 meuseS,
974 2636 1051 2677 sub
1075 2651 1201 2692 poena
1223 2637 1456 2680 amissionis
1484 2640 1607 2697 Epis-

149 2756 163 2774 *
194 2752 409 2786 ArrEme-
433 2752 500 2786 ΝΟ.
529 2763 677 2786 LXXVII.
706 2762 833 2786 Lxxxx.
858 2763 990 2788 Lxxxl.
1019 2765 1165 2790 LXXXII.
1191 2765 1357 2789 LXXXIII·
1382 2768 1539 2791 LXXXIV.
