1807 2962
463 94 740 127 APPENDIX.
768 93 889 126 ANN.
918 95 1110 127 MXCIII-
1490 99 1580 130 XXV

57 208 218 254 timum,
252 202 431 258 profecti
463 217 631 251 sumus3
664 210 708 243 et
739 202 975 258 impetratis
997 203 1051 244 ab
1074 218 1139 253 eo,
1163 204 1303 258 gratia
1325 203 1423 254 Dei,
1448 205 1583 246 omni-

56 264 148 314 bus,
172 277 269 318 quae
289 260 603 302 racionabiliter
625 270 668 302 et
690 261 891 302 canonice
907 260 1228 316 postulavimus,
1248 261 1413 316 singula
1429 263 1585 317 scripta.

56 321 119 363 sui
156 320 398 361 valetudine
430 319 670 360 confirmari
702 319 890 360 fecimus.
959 320 1009 361 ln
1046 320 1243 376 Angliam
1278 320 1474 376 denique,
1509 335 1586 375 per

54 378 205 420 merita
224 378 339 419 beati
360 377 587 419 Cuthberti
604 377 797 432 perfecto
819 378 999 432 negocio
1019 386 1162 418 nostro
1177 377 1407 428 venientes,
1424 378 1586 419 auxilio

56 446 97 479 et
120 436 296 478 consilio
330 435 492 476 domini
529 436 613 475 mei
637 436 783 490 Regis,
808 445 852 477 et
884 436 1062 476 aliorum
1085 436 1369 490 probabilium
1400 436 1585 477 virorum

55 496 177 551 regni
199 493 457 541 testimonio,
482 508 577 533 cum
594 493 775 548 plurima
792 493 1108 535 deliberacione
1126 504 1168 535 et
1187 494 1442 536 auctoritate
1465 509 1588 549 apos-

57 552 186 595 tolica
218 551 585 607 supranominatos
618 551 793 592 clericos
825 567 850 592 a
884 551 1162 593 Dunelmensi
1184 552 1362 594 ecclesia
1383 553 1586 594 recedere

55 611 246 660 fecimus,
264 621 307 651 et
330 610 370 650 in
390 609 598 665 aliquibus
616 609 887 650 ecclesiarum
907 609 1176 665 episcopatus
1194 611 1325 651 nostri
1343 610 1403 652 eis
1428 611 1585 653 victum

54 679 98 710 et
121 669 319 710 vestitum
338 667 616 708 sufficientem
639 669 956 722 assignavimuS,
981 678 1025 710 et
1047 669 1279 710 monachos
1301 669 1354 710 de
1375 669 1525 724 Gyrue
1543 677 1587 710 et

59 727 332 769 Weremutha
368 741 464 767 cum
501 741 577 766 suo
605 725 762 776 Priore,
787 726 888 767 item
924 741 981 767 ex
1013 736 1229 782 praecepto
1252 727 1413 768 domini
1440 728 1584 782 Papae,

54 785 95 826 in
118 786 296 827 eandem
325 784 544 826 ecclesiam
579 784 905 834 introduximus,
937 785 992 825 ad
1013 785 1281 827 serviendum
1305 785 1465 827 ibidem
1490 786 1587 828 Deo

53 843 96 884 in
118 844 351 899 praesencia
372 841 560 897 corporis
583 842 716 883 sancti
741 842 970 884 Cuthberti
988 843 1239 884 confessoris
1257 843 1587 900 imperpetuum.

57 901 342 944 Concedimus
380 900 508 958 igitur
539 901 613 949 eis,
645 909 688 941 et
710 901 911 955 praesenti
933 901 1090 956 scripto
1113 902 1425 953 confirmamus,
1451 902 1589 959 quati-

53 974 146 1010 nus,
171 969 257 1001 tam
279 959 540 1014 temporibus
573 958 725 1000 nostris
754 974 880 1015 quam
903 961 1093 1001 omnium
1112 975 1399 1003 successorum
1424 971 1590 1003 nostro-

54 1033 164 1068 rum,
180 1018 331 1059 fratres
349 1016 540 1058 ecclesiae
554 1016 729 1058 liberam
748 1032 913 1073 semper
927 1018 1182 1059 electionem
1201 1019 1360 1060 Prioris
1374 1020 1558 1062 habeant
1576 1035 1586 1067 ;

55 1085 99 1117 et
132 1076 388 1132 quicumque
421 1076 474 1116 de
508 1090 585 1116 suo
611 1075 837 1117 Conventu
871 1078 1087 1118 communi
1124 1077 1302 1118 fratrum
1335 1078 1511 1119 consilio
1543 1086 1587 1119 et

55 1149 204 1176 eorum
251 1133 423 1189 propria
469 1134 689 1174 voluntate
734 1133 857 1175 Prior
906 1134 1066 1176 electus
1115 1135 1244 1176 fuerit
1286 1136 1339 1177 sit
1380 1137 1587 1178 secundus

55 1193 108 1234 ab
152 1191 366 1247 Episcopo
407 1191 448 1232 in
488 1192 605 1232 omni
641 1191 850 1246 dignitate
884 1201 927 1233 et
968 1193 1132 1234 honore
1178 1194 1369 1244 Abbatis,
1412 1195 1585 1238 nomine

58 1250 232 1300 Prioris,
272 1250 382 1291 infra
415 1249 635 1291 ecclesiam
661 1250 998 1291 Dunelmensem
1037 1259 1078 1292 et
1110 1261 1262 1301 extra3
1296 1261 1338 1294 et
1359 1252 1412 1294 sit
1435 1254 1589 1295 Archi-

57 1309 259 1350 diaconus
293 1308 481 1349 omnium
519 1307 791 1349 ecclesiarum
834 1324 1007 1350 suarum
1040 1308 1084 1350 in
1123 1310 1383 1365 Episcopatu
1420 1312 1588 1353 Dunel-

56 1369 203 1417 mensi,
228 1375 275 1407 ut
298 1366 435 1406 nullus
457 1381 584 1421 super
601 1381 697 1407 eum
719 1366 773 1408 de
796 1366 984 1408 ecclesiis
1016 1367 1082 1408 vel
1105 1367 1266 1409 clericis
1288 1368 1371 1410 suis
1393 1384 1436 1410 se
1456 1369 1589 1411 intro-

56 1425 222 1474 mittat3
253 1424 324 1465 sed
347 1424 513 1480 quietus
547 1425 614 1474 sit,
639 1432 724 1465 tarn
763 1424 850 1480 ipse
872 1439 998 1481 quam
1019 1425 1162 1467 clerici
1183 1426 1288 1482 ejus,
1313 1428 1367 1469 de
1388 1427 1587 1484 hospiciis

57 1495 100 1525 et
132 1482 298 1525 auxiliis
335 1483 644 1538 Episcoporum
683 1492 726 1524 et
751 1483 1179 1534 Archidiaconorum,
1209 1494 1252 1526 et
1289 1486 1454 1528 caeteris
1491 1502 1588 1543 gra-

59 1541 291 1583 vaminibus
313 1550 357 1583 et
378 1541 696 1583 vexacionibus.
760 1541 927 1583 Damus
949 1541 1078 1583 etiam
1098 1542 1236 1584 Priori
1251 1551 1294 1584 et
1316 1544 1586 1586 concedimus

58 1609 103 1640 ut
126 1600 282 1641 habeat
304 1599 448 1640 sedem
482 1599 525 1639 in
562 1599 707 1649 choro,
733 1599 841 1641 sicut
865 1600 1026 1650 Abbas,
1051 1609 1094 1642 et
1116 1601 1343 1643 dexteram
1366 1603 1584 1658 Episcopi,

55 1667 98 1699 et
134 1658 382 1699 facultatem
419 1656 650 1712 plenariam
684 1657 726 1698 in
758 1658 936 1699 consilio
964 1659 1153 1713 Capituli
1175 1660 1240 1700 sui
1261 1660 1486 1702 ordinandi
1509 1662 1586 1703 do·-

54 1731 171 1756 mum
211 1731 329 1757 suam
352 1715 395 1756 in
420 1715 687 1756 interioribus
722 1725 764 1757 et
797 1717 1078 1758 exterioribus
1113 1718 1289 1772 agendis
1310 1719 1407 1769 suis,
1433 1728 1519 1762 tam
1542 1720 1587 1761 in

55 1774 242 1815 ecclesiis
264 1788 391 1829 quam
415 1774 457 1814 in
481 1773 603 1814 terris
624 1782 667 1814 et
688 1774 853 1815 caeteris
876 1775 1219 1829 possessionibus,
1244 1786 1287 1819 et
1307 1778 1521 1819 statuendi
1544 1787 1587 1820 et

53 1832 299 1874 removendi
330 1832 561 1873 monachos
594 1831 806 1882 officiales,
831 1832 939 1874 sicut
962 1834 1165 1888 expedire
1187 1834 1385 1876 viderint.
1453 1836 1589 1878 Volu-

54 1906 145 1931 mus
168 1890 308 1940 etiam‚
336 1899 395 1939 ut,
419 1890 540 1931 nobis
572 1890 833 1940 absentibus,
858 1891 1088 1945 praedictus
1123 1892 1247 1933 Prior
1276 1893 1320 1934 in
1342 1894 1507 1950 synodo
1529 1895 1583 1936 de

57 1948 253 2005 quaerelis
276 1956 320 1989 et
342 1948 430 1989 aliis
458 1948 786 1990 Christianitatis
804 1949 965 2000 officiis,
990 1965 1086 2006 quae
1109 1951 1196 2005 ipse
1218 1960 1262 1992 et
1287 1951 1585 1994 Archidiaconi

54 2022 131 2063 per
151 2022 195 2048 se
222 2007 363 2048 facere
393 2008 569 2061 possint,
604 2006 715 2048 vices
747 2016 913 2048 nostras
945 2019 1058 2065 agat.
1126 2009 1302 2051 Curiam
1325 2025 1425 2052 vero
1447 2026 1580 2063 suam,

55 2080 181 2120 quam
215 2064 412 2106 dominus
449 2080 566 2105 meus
594 2065 690 2106 Rex
715 2066 974 2106 Willielmus
1006 2066 1124 2108 dedit
1146 2077 1188 2108 et
1210 2068 1422 2110 concessit
1444 2070 1583 2112 eidem

60 2123 193 2165 Priori
231 2131 273 2164 et
298 2123 553 2173 Conventui,
589 2123 649 2164 ita
681 2123 813 2165 libere
850 2132 892 2164 et
923 2124 1159 2167 honorifice
1180 2125 1221 2167 in
1245 2127 1453 2178 omnibus,
1477 2128 1585 2170 sicut

53 2181 259 2222 habemus
275 2191 476 2231 nostram,
496 2181 555 2222 eis
573 2182 843 2223 concedimus
858 2192 901 2223 et
919 2183 1218 2225 confirmamus
1237 2200 1247 2233 3
1271 2200 1367 2226 cum
1389 2187 1585 2228 omnibus

55 2239 323 2280 libertatibus
345 2247 387 2280 et
409 2239 799 2291 consuetudinibus,
834 2256 930 2297 quae
947 2241 1001 2282 ad
1027 2241 1199 2283 Curiam
1222 2243 1454 2296 pertinent,
1477 2245 1586 2286 infra

55 2298 238 2351 burgum
275 2306 316 2339 et
353 2307 489 2347 extra,
533 2313 630 2339 cum
662 2299 788 2340 sacha
818 2308 862 2339 et
883 2299 1012 2340 soche
1034 2309 1075 2341 et
1104 2301 1165 2341 tol
1188 2311 1229 2341 et
1251 2310 1363 2342 team
1385 2311 1428 2343 et
1448 2302 1586 2344 infan-

56 2355 267 2410 genethef
281 2364 324 2395 et
346 2356 513 2396 werech
543 2365 585 2397 et
606 2357 801 2398 omnibus
823 2357 1036 2414 regalibus
1059 2359 1447 2410 consuetudinibus,
1471 2375 1582 2416 quae,

58 2414 157 2455 Deo
198 2421 386 2462 auctore,
420 2414 549 2454 beato
594 2414 834 2455 Cuthberto
866 2430 891 2455 a
937 2415 1126 2470 Regibus
1169 2416 1337 2470 Angliae
1369 2432 1584 2461 concessae

57 2480 170 2513 sunt.
235 2471 305 2520 Et,
341 2471 441 2526 quia
471 2471 756 2525 possessiones
791 2472 980 2513 ecclesiae
1005 2473 1304 2515 Dunelmensis
1327 2474 1495 2518 duobus
1517 2478 1587 2519 vel

58 2530 191 2572 tribus
216 2527 418 2570 Cenobiis
436 2543 520 2569 non
539 2539 714 2583 possunt
729 2530 932 2579 sufficere,
950 2530 1231 2586 praecspimus,
1251 2547 1328 2586 pro
1344 2536 1590 2578 reverencia

59 2596 103 2629 et
123 2588 297 2643 antiqua
328 2586 535 2640 dignitate
568 2587 772 2638 locorum,
806 2588 922 2644 quod
953 2597 1040 2629 tam
1072 2589 1114 2629 in
1138 2589 1476 2633 Lindisfarnensi
1498 2608 1589 2635 mo-

60 2645 258 2695 nasterio,
292 2660 418 2701 quam
450 2645 492 2685 in
520 2645 750 2701 Gyruensi‚
785 2657 828 2688 et
853 2647 1218 2698 Weremuthensi,
1242 2649 1453 2700 monachi,
1484 2662 1589 2708 quot

63 2703 188 2746 Prior
222 2703 522 2744 Dunelmensis
555 2704 803 2759 providerit,
839 2719 1006 2760 semper
1026 2716 1252 2755 maneant3
1285 2707 1356 2763 qui
1379 2708 1434 2749 ad
1456 2709 1589 2751 hono-

62 2776 149 2803 rem
175 2761 259 2802 Dei
296 2761 516 2803 servicium
548 2763 743 2819 regulare
776 2763 833 2804 ibi
866 2763 1035 2805 faciant.
1100 2764 1170 2814 Et,
1196 2765 1249 2806 ad
1272 2766 1474 2820 praedicta
1498 2784 1591 2810 mo-

63 2819 246 2862 nasteria
282 2820 556 2862 restauranda
592 2831 635 2863 et
670 2821 921 2873 edificanda,
966 2823 1253 2875 concedimus,
1299 2833 1343 2866 ut
1382 2826 1590 2882 accipiant
