1807 2962
483 78 760 110 APPENDIX.
789 78 907 110 ANN.
936 79 1302 113 mccccxxxm.
1389 70 1605 118 ccccxliii

136 186 472 229 rMemorandum
488 185 603 241 quod
621 200 732 226 anno
755 184 1036 235 Domini,etc.‚
1054 191 1183 237 xxx⁰‚
1203 187 1398 229 dominus
1414 190 1602 234 Thomas

81 247 227 301 Ayere
248 244 543 284 refectorarius
565 244 656 284 fieri
675 243 771 284 fecit
790 243 1026 298 sumptibus
1043 244 1125 284 suis
1142 246 1320 300 propriis
1343 256 1385 287 et
1407 251 1604 303 expensis

82 318 210 344 unam
229 303 454 343 fenestram
478 302 519 341 in
543 301 696 342 solario
715 316 857 342 versus
879 301 1135 357 aquilonem,
1153 302 1193 342 in
1216 317 1300 359 qua
1320 304 1454 348 eciam
1476 309 1606 363 scrip-

85 371 174 402 tum
197 369 258 401 est
279 374 431 400 nomen
455 359 657 413 ejusdem,
681 374 760 413 pro
783 374 866 414 qua
887 359 1011 399 solvit
1033 359 1120 413 liijs.
1145 359 1233 416 iiijd.

143 417 283 459 Aliam
299 417 432 457 eciam
455 416 681 457 fenestram
704 416 804 457 fecit
823 416 1017 456 dominus
1033 417 1251 458 Johannes
1274 417 1344 460 Oll
1366 421 1606 475 sumptibus

83 475 277 530 propriis,
301 474 460 515 scilicet
493 489 635 514 versus
669 473 922 529 aquilonem,
961 474 1001 513 in
1039 489 1123 530 qua
1150 476 1284 516 eciam
1319 477 1521 533 seriptum
1541 489 1609 521 est

80 547 237 574 ‚nomen
260 533 463 587 ejusdem,
479 547 560 586 *pro
582 547 666 588 qua
687 531 812 572 solvit
844 530 1021 586 [blank]

202 803 401 833 ccchv1.
438 803 681 831 coMPOTUS
711 805 1072 833 DOMINITHOMAE
1106 807 1254 834 AYERE
1278 809 1491 837 SUPERVI-

203 862 328 889 sonis
352 862 515 888 opums
551 862 793 890 CUJUSDAM
827 864 931 890 N0v1
969 863 1213 892 LAVATonu
1249 866 1489 898 MARMORIS

206 920 254 947 IN
279 919 511 946 CLAUSTRO
537 919 837 947 DUNELMENSI
862 921 919 947 DE
951 922 1170 949 RECEPTIS
1195 923 1250 949 ET
1273 924 1490 951 EXPENSIS

202 977 327 1004 ANNO
352 977 533 1004 DOMINO
557 977 813 1006 MiLLEsnuo
839 970 1142 1006 CCCC⁰XXX⁰11⁰
1167 981 1222 1007 ET
1246 973 1336 1012 111⁰.

143 1089 374 1130 RECEPTA.
408 1089 457 1130 In
473 1089 741 1144 primisidem
760 1090 988 1145 respondet
1003 1091 1055 1132 de
1070 1091 1197 1148 xviij¹.
1223 1094 1291 1148 ij.
1309 1093 1411 1148 viijd.
1428 1096 1610 1151 receptis

84 1147 137 1188 de
159 1147 510 1187 conventualibus
532 1157 574 1188 et
595 1148 846 1203 quibusdam
879 1148 968 1189 aliis
991 1164 1066 1203 per
1088 1164 1234 1191 manus
1256 1151 1522 1194 dominorum
1546 1154 1608 1198 W.

88 1205 294 1258 Partryke
318 1213 359 1244 et
379 1205 455 1245 W.
480 1205 654 1254 Dalton,
679 1215 724 1246 ut
743 1215 858 1260 patet
881 1221 955 1260 per
975 1208 1115 1261 capita
1136 1207 1231 1248 huic
1246 1209 1410 1251 cedulae
1430 1225 1611 1254 annexa.

90 1264 198 1305 Item
217 1263 329 1303 idem
344 1263 573 1317 respondet
590 1263 643 1303 de
662 1264 713 1304 v¹.
725 1264 812 1318 vijd.
829 1264 1006 1318 receptis
1022 1265 1076 1305 de
1092 1265 1265 1306 diversis
1280 1268 1488 1309 officiariis
1504 1268 1611 1311 infra

86 1331 129 1362 et
152 1330 286 1371 extra,
314 1330 358 1361 ut
380 1330 497 1375 patet
529 1320 570 1360 in
608 1321 757 1362 eadem
780 1322 942 1365 cedula.
1050 1323 1225 1365 Summa
1257 1326 1444 1366 omnium
1466 1341 1612 1383 recep-

87 1390 225 1420 torum
250 1378 381 1433 xxiij¹.
405 1378 489 1432 vijs.
523 1378 600 1433 iijd.

149 1438 386 1478 EXPENSAE.
450 1437 501 1478 In
542 1436 685 1491 primis
716 1437 830 1478 idem
870 1445 1089 1492 computat
1146 1438 1188 1479 in
1244 1440 1425 1482 denariis
1467 1444 1613 1485 solutis

89 1495 272 1536 Thomae
307 1494 515 1550 Hyndley
547 1495 805 1536 cementario
846 1510 923 1550 pro
959 1496 1198 1539 lucracione
1239 1508 1455 1553 petrarum
1502 1517 1613 1543 mar-

83 1567 325 1594 morearum
357 1553 398 1592 in
431 1567 634 1607 querrura
666 1553 719 1594 de
757 1553 976 1608 Eglyston,
1017 1564 1063 1595 ut
1097 1565 1215 1610 patet
1249 1572 1327 1612 per
1367 1568 1612 1613 compotum

87 1626 223 1661 suum,
259 1610 356 1665 ciijs.
388 1609 450 1651 xd.
516 1611 624 1651 Item
663 1610 707 1651 in
747 1611 930 1652 denariis
967 1613 1113 1654 solutis
1155 1614 1294 1655 eidem
1330 1615 1513 1658 Thomae
1534 1633 1611 1672 pro

87 1669 344 1710 tractacione
386 1677 507 1709 extra
547 1683 803 1724 querreram,
848 1684 925 1724 pro
965 1671 1271 1725 scapulacione,
1315 1682 1357 1713 et
1404 1687 1613 1730 waynyng

87 1728 298 1768 dictarum
339 1735 567 1780 petrarum,
611 1735 658 1767 ut
698 1737 815 1780 patet
851 1728 892 1768 in
931 1728 1047 1769 (licto
1087 1740 1287 1784 compoto
1308 1746 1398 1781 suo,
1432 1732 1539 1787 xlijs.
1557 1734 1613 1788 jd.

92 1786 198 1826 Item
223 1785 263 1825 in
285 1784 465 1825 denariis
487 1784 633 1824 solutis
652 1785 811 1825 Abbati
834 1785 886 1826 de
907 1786 1139 1842 Eglestona
1155 1802 1233 1842 pro
1255 1788 1379 1830 firma
1399 1804 1612 1845 querrerae

86 1843 315 1898 praedictae,
340 1857 414 1896 per
436 1851 600 1896 tempus
622 1842 888 1896 praedictum,
924 1848 1014 1884 xxs.
1082 1845 1189 1885 Item
1207 1845 1246 1885 in
1262 1846 1445 1888 denariis
1463 1849 1611 1890 solutis

83 1901 221 1942 eidem
248 1900 428 1941 Thomae
450 1914 526 1953 pro
548 1900 768 1941 dolacione
794 1911 1009 1955 petrarum
1032 1916 1379 1954 marmorearum,
1405 1921 1488 1947 una
1518 1921 1615 1949 cum

85 1958 303 1999 solucione
324 1958 435 1999 sacta
460 1957 651 1998 Roberto
677 1957 820 2014 Nurry
842 1974 966 2013 super
979 1958 1143 2000 factura
1164 1960 1285 2001 unius
1308 1962 1418 2019 logae
1437 1963 1477 2004 in
1496 1964 1613 2005 cimi-

87 2017 195 2058 tario
219 2015 499 2056 Dunelmensi
531 2030 608 2069 pro
630 2016 754 2057 dictis
786 2016 916 2071 petris
948 2017 1188 2071 operandis,
1227 2029 1272 2060 ut
1293 2029 1411 2074 patet
1432 2021 1474 2062 in
1497 2022 1613 2065 dicto

86 2090 164 2115 suo
196 2082 412 2128 compoto,
437 2078 520 2114 cxs.
553 2073 628 2128 iijd.
693 2074 800 2115 Item
823 2074 958 2115 eidem
986 2075 1179 2126 Thomae,
1204 2092 1257 2118 ex
1278 2089 1496 2134 praecepto
1520 2081 1613 2121 Pri-

86 2133 187 2181 oris,
222 2132 294 2187 iijs.
317 2131 406 2185 iiijd.
472 2131 581 2171 Item
604 2130 739 2172 eidem
764 2147 840 2186 pro
863 2147 946 2173 una
978 2133 1109 2174 corda
1129 2143 1272 2188 empta
1300 2136 1354 2176 ad
1376 2151 1482 2191 opus
1504 2153 1614 2193 prae-

87 2190 265 2238 dictum,
299 2188 358 2243 ijs.
392 2188 463 2243 vjd.
527 2189 635 2229 Item
658 2188 795 2229 eidem
821 2190 1002 2230 Thomae
1025 2206 1101 2244 pro
1123 2206 1199 2232 suo
1221 2193 1401 2246 regardo
1432 2209 1488 2235 ex
1509 2210 1611 2236 con-

86 2248 292 2290 vencione
315 2246 389 2287 xl⁵.
443 2246 551 2286 Item
574 2246 786 2287 Nicholao
805 2247 996 2303 Wryght
1018 2263 1096 2302 pro
1119 2263 1202 2290 uno
1225 2264 1323 2304 pare
1340 2260 1528 2293 rotarum
1551 2259 1611 2297 xs.

82 2306 179 2360 iiijd.
275 2305 380 2346 Item
425 2303 611 2344 Ricardo
642 2305 762 2345 fabro
798 2319 876 2359 pro
912 2305 1075 2346 ferrura
1100 2306 1220 2346 unius
1258 2309 1368 2361 paris
1403 2318 1608 2362 rotarum,

87 2364 177 2418 iiijs.
243 2363 350 2403 Item
383 2377 462 2416 pro
483 2361 718 2402 cariacione
742 2362 868 2402 trium
889 2362 1076 2417 lapidum
1094 2379 1427 2406 marmoreorum
1450 2383 1475 2408 a
1505 2383 1613 2423 prae-

89 2423 203 2462 dicta
224 2435 422 2476 querrera
458 2435 590 2475 usque
627 2419 902 2470 Dunelmum,
936 2421 1102 2475 xxviij⁵.
1139 2421 1230 2476 iiijd.
1297 2422 1405 2464 Item
1427 2425 1612 2467 Johanni

92 2479 324 2535 Pykyryng
346 2481 604 2519 cementario
628 2492 705 2532 pro
727 2477 875 2518 decem
898 2478 1154 2532 septimanis,
1187 2479 1368 2533 capienti
1391 2497 1467 2537 per
1483 2485 1613 2539 septi-

90 2551 271 2586 manam,
296 2537 384 2592 iijs„
409 2539 530 2579 xxxs.
596 2536 705 2576 Item
728 2535 864 2576 eidem
883 2536 1068 2576 ,Iohanni
1089 2552 1167 2592 pro
1190 2537 1325 2579 tribus
1348 2541 1609 2594 septimanis,

83 2594 270 2649 capienti
287 2609 362 2648 per
376 2593 667 2648 septimanam,
681 2593 738 2647 ijs.
754 2593 840 2647 vjd„
857 2594 942 2648 vij⁵.
956 2597 1068 2647 [sic]
1113 2594 1217 2635 Item
1230 2595 1413 2638 Johanni
1433 2598 1611 2653 Fethyr-

88 2652 311 2709 stanhalgli
335 2667 413 2707 pro
435 2651 619 2708 quinque
642 2651 899 2707 septimaniS,
919 2651 1100 2707 capienti
1123 2667 1198 2708 per
1218 2653 1611 2714 septimanam,iij⁸.‚
