1807 2962
220 55 281 103 l‘'vi
541 71 675 101 11151.
702 69 939 101 DUNELM.
963 69 1268 102 sempronns
1294 68 1433 102 111135.
1793 0 1807 147 ΞΕ

1795 135 1807 174 1

225 178 442 220 carebunt.
507 176 743 232 Episcopus
776 191 875 217 sane
912 175 1225 225 Dunelmensis‚
1259 174 1415 218 intuitu
1448 183 1492 217 et
1511 177 1756 219 considera·
1797 183 1807 237 ΕΕ

228 237 348 277 010116
375 233 489 290 pacis
510 233 644 284 istius,
668 234 898 288 saepedicto
922 235 1081 275 Abbati
1102 243 1188 274 tam
1209 248 1286 274 suo
1307 248 1433 290 quam
1455 234 1642 276 ecclesiae
1663 250 1753 276 suae
1797 243 1807 282 l!

228 292 398 335 nomine
419 291 606 341 indulsit,
631 300 676 332 ut
699 293 751 333 ab
774 291 956 332 ecclesiis
979 293 1032 332 ad
1054 291 1272 332 ecclesiam
1290 291 1343 333 de
1360 291 1608 346 Tynemuth
1623 292 1756 348 perti·
1796 277 1807 360 11

229 351 430 392 uentibus
452 349 577 390 liceat
598 349 737 389 eidem
765 349 920 390 Abbati
941 358 984 389 et
1001 349 1200 389 fratribus
1217 348 1377 389 fructus
1395 349 1518 390 solito
1535 349 1752 391 uberiores
1796 361 1807 416 Ε

230 407 461 462 percipere,
494 415 538 447 et
568 405 791 461 pensiones
822 421 965 447 earum
996 406 1300 447 decedentibus
1320 406 1512 462 personis
1533 407 1755 462 praesenti-

230 466 325 515 bus,
363 479 489 519 supra
524 479 649 519 quam
684 463 799 518 prius
833 464 996 505 solvere
1032 473 1354 514 consueverant,
1392 464 1446 505 ad
1477 464 1758 520 quadraginta

232 537 468 564 marcarum
503 536 709 562 summam
751 536 920 575 augere.
994 521 1097 571 Nos,
1134 521 1274 576 igitur,
1315 522 1495 587 praefato
1535 522 1756 586 conjudice

232 590 384 622 nostro
415 580 605 628 absente,
639 579 714 620 sed
747 578 980 620 absentiam
1017 593 1135 620 suam
1171 594 1227 619 ex
1263 579 1397 620 causis
1427 579 1674 620 necessariis
1711 587 1755 620 et

233 638 536 679 sufficientibus
572 645 819 687 excusante,
857 637 1181 678 transactionem
1218 638 1341 678 istam
1374 645 1507 678 ratam
1539 637 1757 686 habentes,
1800 584 1807 745 Ε

235 696 487 738 auctmitate
527 695 647 735 nobis
689 703 731 735 et
772 703 984 749 potestate
1026 709 1224 736 concessa
1264 694 1562 735 monasterium
1608 694 1755 736 Sancti

240 754 394 795 Albani
428 753 480 794 ab
514 752 783 816 impeticione
820 752 1119 794 Dunelmensis
1153 752 1344 793 ecclesiae
1379 766 1505 806 super
1527 753 1616 807 jam
1645 751 1760 792 dicta
1802 747 1807 826 Ε

237 810 415 852 ecclesia
445 819 488 851 et
519 809 779 864 pertinentiis
811 810 901 864 ejus
921 809 1231 864 imperpetuum
1255 809 1522 859 absolvimus,
1546 817 1588 850 et
1608 824 1697 864 prae
1699 809 1761 850 fa·
1803 827 1807 863 Ε

236 879 323 910 tam
359 867 687 909 transactionem
724 868 884 908 cunctis
921 867 1182 933 temporibus
1219 866 1483 908 decrevimus
1519 866 1755 910 valituram.
1802 864 1807 925 Ε

242 928 397 967 Actum
434 924 679 973 Warewici,
714 939 826 965 anno
861 924 1100 965 Dominicae
1133 924 1431 965 incarnati0nis
1467 929 1523 964 M⁰
1529 938 1551 965 c
1557 928 1760 975 ⁰Lxx1111,
1804 931 1807 1045 Ε

236 984 373 1040 pridie
395 982 488 1023 idus
513 982 782 1023 Novembris.

240 1104 314 1132 tate
339 1099 532 1141 Gospatrici
560 1099 636 1129 erit.
683 1095 732 1128 Et
758 1097 786 1128 si
813 1097 935 1139 aliquis
961 1097 1003 1129 de
1018 1097 1124 1129 bobus
1142 1097 1304 1130 defecerit
1320 1108 1379 1140 pro
1393 1108 1600 1140 unoquoque
1614 1098 1702 1129 bove
1725 1096 1762 1138 iij

242 1144 364 1176 solidos
380 1143 484 1175 dabit.
536 1143 571 1174 Si
587 1147 702 1173 autem
719 1142 791 1183 ipse
808 1142 1031 1183 Gospatricus
1043 1142 1115 1174 filio
1133 1153 1193 1175 suo
1210 1142 1268 1175 vel
1283 1142 1466 1185 praedictus
1482 1142 1575 1174 filius
1591 1143 1623 1174 ei
1646 1151 1764 1184 super-

240 1189 378 1223 vixerit.
395 1188 559 1219 relevabit
578 1192 702 1218 terram
721 1185 829 1217 dando
853 1185 890 1217 lx
915 1187 1020 1225 horas,
1037 1192 1073 1219 et
1099 1188 1217 1219 eodem
1234 1192 1332 1229 pacto
1349 1192 1383 1219 et
1400 1187 1526 1219 honore
1542 1187 1673 1219 tenebit
1698 1196 1769 1228 quo

239 1233 461 1284 praedecessor
476 1242 557 1263 suus
575 1235 743 1263 tenuerat.
815 1231 974 1273 Cuinque
990 1237 1105 1264 autem
1122 1232 1180 1264 ille
1195 1237 1368 1274 superstes
1382 1231 1423 1263 ad
1440 1239 1594 1264 extrema
1610 1231 1692 1263 vitae
1707 1230 1762 1262 de·

241 1278 389 1315 venerit,
414 1281 489 1308 tota
515 1281 606 1308 terra
633 1276 823 1307 remanebit
850 1277 885 1307 in
914 1276 1061 1308 dominio
1079 1277 1191 1309 Sancti
1208 1282 1243 1308 et
1264 1277 1522 1314 Monachorum,
1539 1276 1611 1308 sine
1627 1275 1769 1318 impedi-

239 1327 357 1355 mento
369 1325 409 1353 et
421 1320 590 1352 caiumnia
606 1320 840 1362 cujuscunque
856 1321 1010 1357 haeredis,
1028 1322 1075 1353 ita
1088 1321 1225 1364 quidem
1243 1321 1430 1354 instaurata
1446 1326 1481 1354 et
1497 1320 1597 1364 plena
1611 1321 1772 1352 omnibus

240 1368 343 1399 rebus
370 1366 461 1397 sicut
483 1365 597 1397 fuerat
624 1366 695 1407 ipsa
723 1364 776 1397 die
801 1375 868 1407 qua
897 1367 932 1397 in
964 1365 1167 1398 infirmitate
1183 1366 1317 1398 decidit.
1365 1365 1430 1398 Sed
1448 1371 1483 1398 et
1499 1370 1575 1408 post
1592 1365 1766 1397 decessum

240 1422 341 1444 suum
358 1411 434 1442 Deo
450 1415 486 1442 et
502 1410 672 1452 praedictis
689 1410 908 1451 Martyribus
925 1411 1131 1443 Stantunam
1149 1410 1317 1453 quandam
1334 1421 1429 1442 suam
1443 1410 1557 1442 villam
1575 1421 1635 1452 pro
1644 1409 1768 1441 animae

241 1467 312 1488 suae
337 1455 572 1497 redemptione
596 1455 760 1487 concessit
787 1454 986 1487 habendam.
1047 1456 1228 1493 Praeterea,
1245 1455 1273 1486 si
1289 1466 1308 1487 a
1332 1455 1502 1487 monachis
1518 1455 1763 1487 convenienter

241 1501 471 1533 summonitus
484 1498 589 1531 fuerit
607 1498 648 1531 ad
665 1498 788 1541 placita
797 1510 913 1532 eorum
931 1511 988 1541 per
1005 1500 1296 1533 Northumbriam.
1307 1500 1426 1532 venire
1438 1499 1549 1532 debet.
1596 1499 1644 1531 Et
1660 1500 1768 1531 scien-

243 1547 325 1578 dum
342 1549 394 1577 est
408 1543 496 1586 quod
514 1545 585 1586 ipse
602 1544 818 1585 Cospatricus
834 1544 960 1576 obtulit
977 1545 1157 1577 donatione
1169 1549 1335 1587 perpetua
1348 1545 1423 1576 Deo
1439 1548 1475 1576 et
1492 1545 1618 1576 sanctis
1637 1543 1767 1584 Marty-

241 1591 337 1622 ribus
361 1589 532 1632 praeilictis
556 1588 730 1621 ecclesia-m
759 1588 800 1620 de
828 1588 1102 1633 Edoluingeham
1119 1600 1196 1621 cum
1214 1595 1306 1621 terra
1321 1589 1425 1621 unius
1440 1600 1586 1621 carrucae
1603 1587 1708 1620 solida
1731 1591 1768 1620 et

244 1636 370 1677 quieta,
387 1634 429 1666 de
445 1644 511 1675 qua
528 1638 657 1666 exeunt
675 1634 826 1675 quinque
844 1634 950 1671 horae,
965 1645 1042 1676 quae
1059 1639 1140 1666 sunt
1164 1634 1205 1666 de
1221 1634 1268 1675 iiij
1286 1633 1389 1665 libris.
1447 1634 1482 1666 Si
1505 1638 1621 1665 autem
1639 1633 1769 1674 Gospa-

243 1680 348 1713 tricus
364 1679 625 1711 conventionem
643 1678 682 1709 de
700 1679 870 1720 praedietis
886 1680 986 1711 terris
1004 1685 1121 1711 tenere
1134 1679 1282 1711 noluerit
1299 1683 1358 1710 aut
1376 1679 1558 1720 nequierit,
1575 1677 1695 1709 reddet
1712 1687 1767 1708 eas

243 1723 364 1756 solidas
377 1729 412 1756 et
429 1724 561 1765 quietas
577 1724 618 1754 ab
632 1733 731 1754 omne
747 1722 893 1756 clamore
905 1729 941 1755 et
951 1723 1119 1755 calumnia
1132 1724 1365 1765 cujuscunque
1378 1722 1523 1755 haeredis
1541 1723 1603 1760 sui,
1617 1727 1770 1754 tantum-

243 1769 343 1801 modo
359 1778 459 1800 suum
478 1767 658 1809 superplus
674 1767 824 1799 habebit.
899 1769 933 1799 H
941 1779 1001 1800 anc
1017 1770 1278 1800 conventionem
1296 1768 1518 1810 Gospatricus
1534 1773 1569 1799 et
1585 1767 1679 1798 filius
1694 1766 1770 1808 ejus

245 1813 359 1845 Adam
375 1813 585 1854 juraverunt
602 1822 704 1853 super
720 1823 840 1854 eorpus
857 1812 986 1844 Christi
1003 1818 1038 1844 et
1054 1812 1220 1844 feretrum
1239 1813 1357 1844 Sancti
1373 1812 1498 1843 Albani
1523 1823 1558 1843 se
1574 1818 1768 1843 servaturos
1795 1833 1805 1840 .-

244 1863 415 1900 praesente
430 1857 566 1888 Abbate
582 1861 617 1887 et
635 1856 795 1888 fratribus
811 1856 963 1897 ejusdem
988 1857 1146 1888 ecclesiae.
1196 1856 1310 1897 Hujus
1326 1857 1375 1888 rei
1392 1861 1497 1888 testes
1513 1861 1594 1887 sunt
1610 1855 1769 1887 Zacheus

245 1907 282 1933 et
301 1901 477 1932 W'alterus
493 1901 680 1941 presbiteri,
696 1900 905 1932 'Willielmus
917 1902 958 1932 de
971 1901 1127 1937 Gorram,
1143 1900 1320 1931 &Valterus
1333 1899 1473 1941 dapifer,
1490 1901 1657 1932 Lambert
1672 1899 1769 1941 Sym,

248 1945 443 1977 Rodbertus
459 1944 552 1976 filius
571 1943 759 1982 Anskitilli‚
780 1944 985 1976 Willielmus
1016 1945 1109 1976 filius
1134 1945 1290 1976 Turstini
1318 1944 1488 1976 Radulfus
1505 1944 1599 1976 filius
1616 1943 1770 1984 Geroldi,

246 1990 370 2028 Lucas,
400 1988 609 2026 Turchillus,
628 1988 847 2027 VVillielmus,
878 1989 953 2020 Ada
977 1988 1070 2021 filius
1087 1989 1291 2030 Gospatrici‚
1309 1988 1510 2021 Mainardus
1531 1988 1645 2030 judas,
1664 1987 1769 2022 Wido

245 2033 472 2066 marescaldus
489 2033 604 2076 RegiS,
624 2032 818 2075 Hunespac‚
836 2033 1046 2075 flariulphus,
1066 2033 1141 2065 Toli
1158 2033 1199 2065 de
1211 2033 1528 2071 Westmonasterio‚
1545 2033 1716 2065 Aluuinus
1727 2033 1771 2064 de

245 2078 531 2118 Uuathamstede‚
559 2076 768 2110 NVillielmus
794 2077 836 2110 de
864 2078 1059 2118 Qtreham,
1076 2079 1265 2122 Turgarus,
1282 2077 1454 2110 nadulfus
1474 2078 1588 2120 judas,
1604 2076 1771 2110 Leofuui·

241 2134 318 2156 nus.

292 2200 406 2242 Large
422 2199 498 2232 oval
515 2199 593 2232 seal.
640 2200 689 2231 St.
708 2198 830 2237 Alban,
847 2200 889 2230 wi
957 2199 1017 2231 the
1032 2199 1123 2241 palm
1147 2200 1188 2232 of
1206 2200 1431 2243 Martyrdom.
1479 2199 1666 2243 Engraved
1680 2197 1768 2231 from

245 2244 314 2277 this
328 2245 528 2288 impression
543 2245 576 2276 in
597 2245 824 2276 Clutcerbnclc’s
839 2246 894 2274 He
919 2246 1092 2285 sordshire.

293 2331 490 2364 Numerous
505 2331 604 2363 other
620 2330 833 2369 documents
850 2330 890 2363 of
906 2331 1040 2363 antient
1056 2331 1146 2371 date,
1161 2331 1306 2364 relative
1320 2335 1355 2363 to
1371 2331 1431 2363 the
1443 2330 1618 2373 excliange
1634 2328 1674 2362 of
1683 2329 1770 2361 Tin-

246 2377 368 2409 mouth
385 2378 538 2409 between
557 2376 616 2408 the
641 2377 860 2407 monast-eries
876 2375 915 2407 of
934 2376 1086 2408 Durham
1113 2376 1177 2408 and
1209 2377 1258 2408 St.
1275 2376 1399 2407 Alban'
1403 2387 1428 2414 5,
1445 2386 1522 2417 may
1546 2376 1588 2407 be
1604 2374 1709 2406 found
1732 2376 1768 2406 in

250 2421 423 2464 Hodgson'
425 2432 440 2452 5
454 2419 777 2460 Northumberland,
791 2421 874 2454 Part
890 2421 978 2463 ΙΙΙ.,
991 2420 1069 2454 Vol.
1086 2421 1139 2454 11.
1131 2444 1150 2462 .,
1166 2420 1302 2464 printed
1319 2420 1406 2453 from
1420 2420 1480 2454 the
1492 2419 1670 2464 originals'
1661 2429 1697 2452 m
1710 2419 1771 2452 the

250 2465 401 2499 butham
420 2463 605 2508 Treasury.
