1807 2962
196 70 323 118 lxxiv
523 84 655 117 msr.
682 85 915 118 DUNELM.
940 85 1241 119 semproasss
1267 85 1401 119 TRES.

198 200 507 255 Brentingham
524 201 727 267 magistro
745 201 891 243 Odoni
913 201 966 242 de
984 200 1211 257 Kilkenny,
1231 217 1282 244 ea
1297 201 1539 244 intencione
1557 209 1603 244 ut
1616 217 1727 258 prae-

200 267 332 301 staret
352 259 412 300 illi
435 260 670 301 auxilium'
661 275 702 300 m
720 274 846 300 causa
866 259 1085 300 electionis
1107 275 1208 303 suae.

260 317 370 358 Item
403 317 594 372 promisit
623 326 666 358 et
699 317 856 371 optulit
886 331 1085 373 magnam
1118 317 1309 371 pecuniae
1332 318 1612 373 quantitatem
1635 319 1727 375 qui-

197 375 377 416 busdam
398 375 560 430 magnis
584 375 692 424 viiis,
716 384 763 415 ut
793 374 872 429 ipsi
893 383 1168 429 procurarent
1185 390 1286 432 erga
1306 375 1527 417 dominum
1559 378 1727 432 Regem

198 433 346 490 quod
337 448 425 488 ipse
447 433 643 474 electioni
664 433 717 473 de
740 447 782 472 se
805 432 928 473 factae
950 433 1113 487 regium
1136 442 1358 487 plwaestalet
1380 448 1609 476 assensum.

257 491 370 532 Item
391 491 494 532 dicit
515 492 630 547 quod
651 489 829 531 incidit
820 506 862 530 1n
884 489 928 530 in
950 505 1154 532 canonem
1175 491 1273 532 latae
1295 491 1515 533 sententiae
1536 491 1651 548 quod
1673 491 1744 533 de·

198 549 401 590 mandato
436 564 513 590 suo
549 550 699 591 velbex
701 557 794 590 atus
829 547 909 588 fuit
944 550 1147 606 magister
1183 549 1440 590 Laurentius
1477 549 1531 590 de
1556 550 1729 591 Tonne-

198 606 308 661 brig.

260 665 370 706 Item
392 664 494 706 dicit
515 665 629 720 quod
650 679 735 705 non
760 663 1017 706 sufficienter
1037 663 1262 707 litteratus,
1312 664 1634 706 Promovendus
1656 680 1732 706 au-

200 731 285 764 tem
307 722 350 764 in
372 722 625 777 Episcopum
649 722 779 764 debet
795 737 884 763 esse
907 732 1147 764 sanctorum
1168 724 1343 764 Patrum
1374 722 1528 777 regulis
1550 724 1731 764 instruc-

200 788 283 831 tuS,
307 789 351 822 et
372 779 522 821 divinis
544 779 720 837 eloquiis
741 779 945 822 eruditus.

264 839 352 880 Ista
382 847 526 880 autem
557 840 702 880 omnia
731 838 931 893 proponit
966 839 1077 889 Rex,
1101 838 1355 894 excipiendo
1386 846 1537 879 contra
1566 838 1728 880 dictum

204 896 398 938 Priorem
420 896 492 952 qui
528 912 571 938 se
593 895 703 953 gerit
734 912 814 952 pro
839 897 993 946 electo,
1018 912 1101 937 non
1123 907 1263 938 artans
1285 912 1328 937 se
1349 897 1402 938 ad
1425 896 1565 938 omnia
1586 912 1731 951 supra⁶

203 954 317 996 dieta
337 954 570 1009 probanda,
595 954 671 995 sed
691 955 745 995 ad
768 969 898 995 unum
920 955 1037 1010 quod
1059 954 1098 995 ei
1135 955 1326 996 sufficere
1349 955 1514 995 debeat.
1560 955 1731 996 Protes-

201 1021 317 1053 tatur
338 1012 466 1054 etiam
488 1013 702 1054 Dominus
721 1013 833 1062 Rex,
858 1013 973 1068 quod
990 1015 1023 1053 si
1041 1027 1124 1068 qua
1145 1012 1343 1067 exceptio
1366 1013 1420 1053 de
1439 1027 1550 1053 novo
1567 1013 1620 1053 ad
1639 1013 1731 1067 ejus

201 1070 402 1111 noticiam
424 1070 679 1125 pervenerit,
703 1085 799 1126 quae
820 1070 954 1125 ipsam
987 1070 1238 1112 electionem
1261 1071 1314 1112 de
1336 1070 1451 1112 dicto
1475 1071 1623 1113 Priore
1645 1071 1735 1112 fac-

201 1136 288 1170 tam
309 1130 442 1184 possit
457 1128 679 1184 impedire,
698 1128 814 1184 quod
832 1143 925 1169 eam
947 1143 1024 1169 suo
1044 1129 1140 1169 loco
1161 1138 1388 1185 proponet.

322 1375 390 1405 Lv.
437 1374 703 1402 GREGORIUS
746 1375 967 1403 EPISCOPO
1012 1375 1323 1403 LINCOLNENSI
1357 1376 1413 1403 AD
1448 1377 1618 1404 PROTE-

342 1433 539 1460 GENDUM
573 1433 828 1461 ECCLESIAM
861 1433 1214 1461 DUNELMENSEM
1249 1434 1347 1461 IPSA
1370 1435 1591 1464 VACANTE.

796 1512 908 1554 [Cart.
927 1511 1001 1543 111.
1018 1511 1042 1543 f.
1064 1513 1152 1555 160.]

267 1590 502 1645 Gregorius
526 1590 779 1646 Episcopus,
812 1604 955 1631 servus
992 1604 1210 1630 servorum
1244 1588 1341 1639 Dei,
1365 1588 1594 1630 venerabili
1616 1588 1735 1629 fratri

205 1649 421 1704 Episcopo
451 1648 726 1690 Lincolnensi
762 1648 941 1689 salutem
982 1656 1026 1688 et
1062 1647 1338 1703 apostolicam
1374 1647 1735 1690 benediccionem.

208 1707 278 1748 Ex
310 1707 489 1763 injuncti
521 1706 646 1747 officii
680 1707 828 1748 debito
861 1705 1034 1760 singulis
1057 1705 1241 1747 ecclesiis
1264 1704 1491 1755 debitores,
1517 1706 1628 1747 circa
1648 1705 1738 1746 illa-

204 1780 299 1806 rum
317 1780 462 1806 curam
485 1764 771 1821 diligentiores
795 1779 884 1805 esse
905 1779 981 1805 nos
1003 1765 1213 1814 convenit,
1238 1778 1333 1820 quae
1355 1763 1572 1804 destitutae
1593 1773 1735 1817 pasto-

204 1838 298 1864 rum
331 1823 620 1877 gubernaculo
654 1822 946 1866 dinoscuntur.
1014 1821 1132 1863 Hinc
1168 1830 1242 1871 est,
1276 1821 1404 1877 quod,
1443 1836 1540 1862 cum
1569 1821 1735 1862 Dunel-

204 1880 356 1922 mensis
388 1881 568 1922 ecclesia
587 1889 708 1922 vacet
731 1880 784 1920 ad
806 1894 1003 1933 praesenS,
1027 1879 1282 1920 fraternitati
1305 1889 1390 1920 tuae
1406 1894 1484 1934 per
1505 1878 1738 1934 apostolica

205 1938 362 1993 scripta
381 1938 644 1987 mandamus,
670 1937 868 1994 quatinus
900 1937 1079 1978 eandem
1101 1945 1342 1991 protegenS,
1366 1951 1566 1991 personas
1588 1951 1734 1977 mona-

206 1996 398 2045 chorum,
442 1995 706 2044 clericorum,
750 2003 794 2036 et
835 1994 1088 2036 secularium
1129 1994 1370 2035 officialium
1412 1995 1501 2049 ejus
1543 1994 1732 2036 indebite

205 2053 436 2103 molestari,
472 2068 701 2109 eorumque
733 2053 848 2094 bona
882 2052 1025 2093 invadi
1058 2053 1111 2093 ab
1143 2052 1352 2108 aliquibus
1373 2067 1458 2093 non
1479 2052 1731 2107 pe11nittas·,

205 2112 499 2153 molestat01es
533 2120 577 2152 et
613 2111 825 2152 invasores
858 2110 1113 2167 hujusmodi,
1152 2125 1333 2164 peisona
1372 2110 1500 2165 Regis
1537 2120 1732 2164 excepta,

204 2169 445 2212 monicione
475 2168 705 2225 praemissa,
729 2183 806 2223 per
827 2183 1044 2210 censmam
1078 2167 1419 2217 ecclesiasticam,
1444 2168 1734 2223 appellacione

203 2227 454 2283 postposita,
497 2227 840 2282 compescendo:
907 2241 992 2267 non
1034 2226 1232 2267 obstante
1274 2226 1560 2280 Indulgentia,
1603 2241 1732 2291 quam

203 2286 363 2327 habere
399 2285 564 2336 diceris,
588 2294 635 2326 ut
668 2285 721 2326 de
756 2284 892 2325 causis
929 2301 954 2325 a
992 2284 1103 2325 Sede
1136 2283 1386 2338 Apostolica
1407 2284 1482 2325 tibi
1504 2284 1735 2324 commissis

206 2359 464 2398 cognoscere
501 2359 588 2384 non
626 2342 811 2384 tenearis
845 2342 1029 2383 invitus·
1020 2373 1031 2391 ,
1063 2351 1106 2383 et
1139 2341 1449 2383 constitucione
1482 2341 1535 2382 de
1566 2342 1733 2382 duabus

206 2401 332 2443 dietis
366 2401 483 2443 edita
517 2401 560 2442 in
594 2400 787 2443 Concilio
822 2400 1023 2466 geneiali‚
1048 2399 1151 2440 dum
1179 2399 1308 2440 modo
1330 2400 1441 2440 ultia
1473 2399 1642 2440 terciam
1666 2400 1733 2440 vel

204 2467 400 2515 quartam
422 2469 544 2501 extra
565 2474 683 2500 suam
704 2458 906 2500 diocesim
928 2457 1057 2514 aliqui
1079 2458 1133 2499 ad
1158 2457 1366 2512 judicium
1390 2473 1475 2498 non
1499 2466 1538 2498 t1
1541 2457 1735 2498 ahantui

205 2517 321 2558 Data
346 2518 568 2572 Anagniae,
594 2531 647 2560 111
670 2516 792 2560 nonis
820 2516 1033 2568 Octobris,
1057 2515 1335 2571 pontificatus
1359 2514 1494 2558 nostri
1517 2530 1628 2557 anno
1650 2524 1736 2557 ter-

211 2575 276 2617 cio
298 2575 479 2618 decimo.
