1807 2962
214 130 308 175 112
508 144 643 177 H1sr.
670 144 907 176 DUNELM-
947 145 1256 178 scmPToRES
1294 146 1436 178 TREs.

144 248 170 310 [
207 251 411 293 minando
430 266 672 302 numerum,
695 267 783 293 non
812 251 939 300 debet
972 253 1113 294 audiri
1149 253 1204 294 de
1232 254 1347 309 jure.
1415 254 1736 308 Argumentum*

206 318 357 351 contra
392 325 489 351 eum
525 311 625 366 quia
661 310 770 351 solet
805 323 974 363 semper
1007 311 1153 352 offerri
1189 311 1232 351 in
1263 311 1333 352 die
1365 321 1526 352 sanctae
1560 312 1737 362 Crucis;

205 367 321 408 unde
351 376 523 409 mortuo
548 368 743 409 Roberto
765 367 819 408 de
842 364 969 408 Nova
989 367 1118 418 Villa,
1142 382 1304 424 proavo
1325 368 1461 420 istius,
1485 369 1740 412 cantabatur

205 424 404 481 A-nglice,
427 425 472 467 in
493 425 657 469 luctum
679 426 784 482 ejus,

604 540 724 590 Wel,
748 555 842 596 qvwa
863 539 925 580 sal
946 539 1031 581 thir
1052 538 1209 581 hornes
1229 540 1351 592 blau,v

607 598 727 654 Haly
751 597 851 638 Rod
874 597 937 638 thi
959 597 1043 654 day
1059 598 1081 638 ⁴?

604 656 708 697 Nou
731 657 765 696 is
787 655 842 696 he
864 655 975 696 dede
998 655 1084 696 and
1106 654 1184 696 lies
1206 655 1288 697 law

610 713 708 754 Was
730 723 847 754 wont
868 721 912 754 to
934 713 1044 754 blaw
1066 713 1199 754 thaim
1222 729 1288 770 ay.

207 827 333 871 Patet
349 828 549 870 omnibus
570 828 688 883 quod
703 842 922 884 nunquam
939 827 1047 870 solet
1065 828 1193 869 Prior
1208 828 1282 870 illo
1297 828 1366 870 die
1381 843 1587 886 magnum
1605 829 1743 872 facere

206 887 462 935 convivium,
495 888 539 926 in
572 901 657 941 quo
679 886 921 927 ministrare
943 886 1153 927 deberent
1174 887 1280 927 tanti
1301 887 1382 928 viri
1398 888 1605 928 ministri:
1628 902 1741 943 prae-

207 953 324 986 terea
360 945 468 985 solet
502 943 627 985 Prior
662 944 909 1000 frequenter
939 944 984 984 in
1020 944 1090 985 die
1119 945 1252 985 sancti
1277 944 1506 986 Cuthberti
1528 960 1621 986 esse
1644 941 1742 986 cum

207 1002 444 1057 Episcopo,
462 1002 530 1043 vel
550 1002 653 1043 alibi
673 1002 718 1042 in
739 1002 941 1042 maneriis
958 1004 1059 1051 suis,
1078 1010 1125 1042 ut
1143 1002 1269 1042 Prior
1287 1002 1425 1058 Hugo
1439 1002 1555 1057 apud
1571 1002 1740 1044 Bellum

209 1059 418 1100 Reditum
452 1060 734 1116 quandoque:
768 1059 863 1114 quis
893 1074 997 1115 ergo
1025 1067 1186 1100 artaret
1217 1074 1312 1100 eum
1336 1061 1564 1101 convivare
1586 1060 1741 1102 domi?

206 1117 424 1159 Praeterea
443 1118 537 1159 istae
558 1126 685 1159 terrae
706 1117 1038 1158 conferebantur
1057 1117 1408 1172 progenitoribus
1425 1118 1547 1158 istius
1569 1118 1743 1173 quando

205 1190 294 1216 non
326 1184 447 1216 erant
477 1175 584 1215 tanti
613 1175 790 1223 domini,
823 1182 871 1214 ut
904 1174 1243 1224 mareschallum,
1276 1176 1540 1229 pincernam,
1574 1184 1617 1216 et
1638 1175 1744 1217 tales

205 1233 427 1274 ministros
450 1232 705 1287 solempnes,
727 1232 960 1281 haberen13
983 1232 1082 1288 quia
1103 1232 1239 1273 solum
1262 1240 1365 1274 tunc
1386 1233 1602 1275 habebant
1622 1232 1747 1288 Raby

209 1305 306 1332 cum
328 1290 615 1345 pertinenciis,
639 1304 735 1345 quae
757 1298 858 1331 tunc
879 1304 966 1330 non
988 1298 1109 1331 erant
1130 1291 1237 1331 tanti
1258 1290 1415 1332 valoris
1437 1292 1584 1347 quanti
1603 1305 1743 1340 nunc;

209 1363 309 1389 nam
352 1348 594 1403 Brangpath
634 1348 796 1389 habent
831 1363 886 1389 ex
919 1348 1146 1403 maritagio
1182 1356 1292 1402 post,
1335 1357 1378 1390 et
1418 1349 1570 1390 eodem
1610 1349 1742 1390 modo

212 1405 406 1456 Raskelf,
429 1413 470 1446 et
487 1406 590 1447 alias
613 1413 747 1447 terras
767 1406 811 1446 in
829 1406 1034 1447 comitatu
1056 1405 1319 1448 Eboracensi
1336 1415 1379 1448 et
1399 1406 1742 1448 Richemundiae.

215 1463 334 1521 Ergo
355 1478 441 1504 non
470 1472 562 1505 erat
582 1464 833 1505 intentionis
856 1464 1021 1504 Prioris
1042 1463 1146 1505 dare
1166 1464 1227 1505 eis
1250 1472 1392 1505 tantas
1413 1472 1563 1515 terras,
1587 1473 1635 1505 ut
1658 1464 1743 1505 tale

210 1522 462 1578 obsequium
484 1522 538 1563 ab
560 1522 620 1562 eis
642 1530 815 1571 emeret,
838 1522 1026 1563 maxime
1058 1536 1155 1562 cum
1184 1522 1230 1562 in
1262 1521 1521 1573 Landbok,*
1550 1521 1623 1563 ubi
1655 1537 1744 1563 non

212 1580 350 1621 solum
372 1580 685 1635 exprimuntur,
704 1594 800 1636 quae
823 1586 1019 1620 tenentes
1043 1579 1208 1621 Prioris
1230 1580 1310 1620 sibi
1331 1580 1491 1621 debent
1507 1580 1647 1621 facere
1668 1579 1743 1620 sed

212 1639 340 1679 etiam
358 1637 461 1693 quid
475 1652 498 1678 e
512 1652 720 1678 converso
734 1637 894 1678 debent
915 1637 971 1678 ab
987 1652 1038 1679 eo
1052 1638 1255 1692 recipere,
1271 1652 1351 1679 nec
1367 1638 1469 1679 alibi
1485 1638 1530 1679 in
1546 1637 1745 1687 cronicis,

212 1696 267 1738 de
288 1695 535 1751 hujusmodi
557 1695 736 1737 servicio
758 1709 969 1750 nusquam
990 1696 1153 1736 mentio
1174 1696 1421 1750 reperitur.]

332 1997 451 2045 [CAP.
490 2000 591 2032 XLV.
656 2002 783 2033 QUOD
824 2000 993 2028 MALUM
1035 2000 1103 2027 SIT
1145 1998 1355 2027 AFFERRE
1398 1995 1631 2025 ECCLESIAE

442 2059 746 2088 DUNELMENSI
769 2058 1089 2086 POSSESSIONES
1112 2057 1194 2085 SEU
1220 2056 1521 2086 LIBERTATES·

748 2152 847 2194 [us.
864 2152 948 2195 Cap.
965 2155 992 2194 †
1015 2151 1188 2191 fol.218.]

271 2248 423 2304 [Anno
464 2247 644 2289 Domini
682 2259 798 2287 Mccc
831 2245 1047 2285 tricesimo
1080 2242 1284 2291 secundo,
1328 2242 1600 2296 episcopatus
1640 2255 1742 2281 vero

209 2304 446 2362 Lodowyci
468 2306 618 2361 quinto
655 2304 836 2353 decimo,
870 2303 983 2343 circa
1015 2301 1171 2341 festum
1204 2298 1535 2348 Purificationis,
1569 2297 1744 2354 quidam

208 2364 431 2405 Johannes
467 2363 648 2419 Whyet,
683 2362 737 2402 de
775 2360 1077 2416 Heyingtoun,
1100 2372 1177 2413 per
1196 2356 1377 2399 ballivos
1401 2356 1605 2410 Episcopi
1627 2355 1740 2410 posi-

207 2430 277 2463 tus
309 2421 364 2462 ad
394 2421 604 2463 rationem
637 2433 764 2474 super
795 2418 980 2474 quadam
1010 2416 1158 2471 placea
1178 2424 1305 2457 terrae
1329 2414 1501 2468 jacente
1522 2414 1565 2454 in
1588 2427 1742 2477 campo

209 2479 401 2534 ejusdem
437 2479 566 2526 villae,
603 2492 730 2533 quam
766 2478 858 2531 ipse
888 2475 1046 2528 injuste
1067 2481 1353 2529 occupaverat
1372 2487 1398 2513 a
1418 2480 1611 2524 tempore
1632 2484 1741 2523 epis-

210 2538 307 2591 copi
330 2536 509 2578 Ricardi
529 2536 664 2586 tercii,
681 2534 844 2591 juravit
864 2547 940 2588 per
954 2532 1107 2574 caelum
1130 2530 1314 2586 desuper
1335 2537 1377 2571 et
1397 2537 1555 2570 terram
1576 2527 1741 2576 subter,-

257 2653 274 2671 ““
292 2653 324 2685 Α
337 2662 464 2694 survey
481 2651 521 2684 of
539 2651 600 2684 the
616 2654 741 2683 estates
757 2649 797 2682 of
808 2649 867 2682 the
884 2649 1046 2681 Convent
1061 2646 1230 2691 compiled
1246 2647 1291 2688 by
1309 2643 1410 2677 Prior
1427 2643 1610 2685 Melsonby
1627 2641 1662 2672 in
1682 2641 1740 2673 the

209 2696 398 2740 beginning
424 2696 463 2728 of
485 2696 545 2729 the
572 2695 765 2729 thirteenth
791 2699 951 2736 century,
968 2692 1076 2725 called
1095 2694 1154 2726 the
1170 2693 1407 2725 onmmum
1426 2689 1656 2725 MELSONBY,
1672 2685 1738 2718 and

211 2741 283 2826 sall
298 2741 610 2827 I'ifiizeliiiiicrlibering
627 2784 666 2817 of
685 2784 743 2818 the
760 2784 916 2827 chapters
933 2783 967 2815 in
986 2782 1046 2816 the
1064 2782 1192 2826 margin
1212 2791 1335 2814 censess
1381 2778 1466 2813 This
1481 2779 1510 2812 is
1526 2775 1703 2817 evidently
1720 2784 1740 2806 a

211 2839 286 2862 new
309 2839 382 2862 One„
